3300 5474
880 403 920 460 tu

316 591 501 667 Habemus
526 592 659 687 igitur:
690 591 834 685 „sigillo
859 591 1023 685 signator
1048 589 1174 679 faiso’'‚
1201 590 1254 663 ite
1275 597 1316 663 ut
1328 590 1483 686 primum

316 734 487 808 ablativis
514 733 703 829 qualitatis
735 732 841 806 homo
874 732 1042 807 universe
1067 739 1229 824 notetur,
1256 731 1386 806 deinde
1414 732 1485 805 sin-

315 876 473 972 gillatim
510 898 575 972 per
611 875 824 949 sententium
859 875 1058 948 relativam.
1110 871 1248 948 Similis
1277 873 1486 970 epexegesis

316 1017 393 1091 sive
427 1017 619 1113 explicatio
645 1017 737 1090 inest
761 1014 835 1091 Sat.
864 1015 919 1089 VI
945 1017 1035 1090 252:
1066 1038 1194 1111 „quem
1218 1023 1401 1112 praestare
1425 1038 1485 1111 po·
1630 1010 1632 1012 ’

317 1167 387 1234 test
425 1159 555 1234 mulier
584 1160 730 1254 galeata
754 1158 944 1255 pudorem,
974 1180 1068 1254 quae
1092 1158 1188 1253 fugit
1213 1182 1236 1232 a
1259 1179 1367 1251 sexu,
1391 1157 1487 1230 vires

317 1301 462 1375 amet?''
498 1300 622 1375 Etiam
658 1299 733 1375 Sat.
771 1300 833 1374 III
859 1303 924 1393 90,
951 1299 1010 1373 XI
1038 1303 1082 1374 76
1108 1309 1144 1374 et
1181 1299 1240 1374 XI
1279 1303 1360 1374 117.
1398 1298 1486 1373 For-

317 1445 440 1520 oellini
486 1446 554 1520 sub
606 1467 693 1519 voee
743 1445 811 1519 hoo
855 1445 978 1519 habet:
1033 1443 1216 1539 „sigillum
1261 1443 1394 1518 dieitur
1442 1442 1486 1515 de

318 1587 494 1683 imagine,
533 1610 627 1683 quae
657 1589 766 1662 anulo
800 1588 999 1683 signatorio
1024 1588 1063 1661 in
1088 1610 1170 1662 eere
1194 1587 1314 1662 aliave
1338 1585 1487 1660 materia

319 1729 558 1827 imprimitur'’
596 1730 736 1806 duobus
773 1731 895 1805 allatis
929 1731 1035 1805 loeis:
1076 1728 1165 1805 Hor.
1202 1728 1417 1827 Ep.1203
1451 1735 1487 1801 et

320 1871 396 1948 Cio.
435 1872 547 1948 Aoad.
588 1872 734 1965 Quaest.
774 1869 829 1946 11
854 1872 942 1970 Gap.
981 1877 1048 1967 26,
1087 1873 1151 1949 ubi
1187 1874 1276 1948 haee
1313 1872 1486 1967 legimus:

322 2016 432 2112 „quid
456 2017 488 2090 si
513 2017 552 2090 in
576 2016 833 2092 eiusdemmodi
859 2041 942 2092 oeru
968 2026 1111 2092 eentum
1137 2017 1261 2112 sigilla
1285 2016 1354 2090 hoo
1378 2014 1487 2089 anulo

319 2157 575 2256 impressero?''

371 2300 478 2393 Quod
500 2302 600 2393 volo,
627 2309 795 2376 aoeurate
820 2302 892 2375 ium
917 2302 963 2375 ab
990 2299 1242 2398 Heinriohio2)
1270 2299 1488 2395 descriptum

321 2451 390 2518 est:
428 2442 518 2537 „Bei
549 2443 641 2517 falso
666 2443 714 2516 ist
738 2443 843 2538 signo
869 2466 913 2517 zu
939 2443 1125 2539 suppliren
1150 2443 1320 2518 eusdem
1345 2441 1488 2516 vorher-

321 2584 510 2681 gehenden
556 2586 727 2680 signator.
786 2584 841 2659 Zu
886 2585 1002 2659 einem
1047 2586 1214 2681 giiltigen
1258 2585 1488 2658 Testamente

321 2729 479 2823 gehdren
513 2727 571 2802 die
603 2728 793 2822 signacula
827 2729 973 2803 testium
1006 2728 1045 2801 in
1078 2726 1214 2803 Weohs
1251 2724 1487 2822 abgedriiokt.

323 2868 403 2944 Das
436 2869 543 2944 tohte
575 2869 784 2943 Testament
816 2870 908 2944 wird
942 2871 1219 2966 untersohlagen
1244 2868 1319 2944 und
1344 2868 1403 2942 ein
1428 2891 1489 2942 en-

322 3012 427 3099 deres
462 3011 528 3085 mit
566 3012 727 3087 fulsohen
766 3011 912 3108 Siegeln
948 3013 1268 3109 untergesohoben.
1289 3119 1290 3122 Ἴ
1309 3009 1384 3086 Cio.
1425 3033 1489 3107 pro

324 3153 466 3230 Cluent.
502 3151 591 3251 Cap.
628 3158 692 3228 14:
730 3162 1003 3249 „testamentum
1028 3155 1067 3228 in
1092 3156 1183 3230 alias
1207 3155 1351 3229 tabulas
1376 3162 1488 3229 trans-

322 3298 496 3394 soriptum
520 3297 635 3393 signis
659 3296 874 3372 adulterinis
900 3297 1142 3393 obsignavit.’'

374 3438 512 3513 Similis
546 3440 749 3534 corruptela
770 3439 915 3536 irrepsit
940 3439 979 3513 in
1005 3463 1056 3515 vs.
1085 3442 1154 3514 107
1184 3437 1259 3513 Sat.
1286 3437 1360 3512 VI:

479 3652 671 3727 Praeterea
705 3653 820 3727 multe
844 3653 883 3726 in
908 3653 1001 3728 faeie
1023 3652 1214 3743 deformia,
1242 3651 1335 3727 siout

478 3795 625 3870 attritus
640 3796 746 3891 galea
769 3817 846 3891 sqq.
979 3864 982 3870 .

375 4008 448 4084 Hie
485 4010 667 4084 ablativus
696 4008 830 4108 (galea)
866 4033 956 4085 orux
986 4018 1040 4085 est
1065 4012 1311 4106 interpretum.
1346 4008 1490 4085 Heinri-

325 4151 429 4225 ohius
453 4151 556 4225 affert
581 4151 645 4225 ille
664 4151 809 4248 quidem
834 4153 948 4244 looos,
976 4153 1039 4227 ubi
1064 4151 1209 4227 dativus
1229 4152 1395 4248 iungitur
1408 4174 1490 4226 oum

306 4293 552 4412 substantivo
577 4294 734 4388 verbali,
769 4293 865 4391 quod
891 4293 1041 4389 dieitur,
1058 4293 1131 4370 'sed
1158 4296 1269 4389 loeos,
1297 4293 1491 4390 inquibus

369 4576 394 4656 ²)
416 4577 549 4636 Heinr.
570 4576 636 4636 Iuv.
659 4577 721 4636 sat.
744 4578 797 4636 vol.
820 4578 855 4637 H
876 4597 944 4657 pag.
965 4579 1014 4638 61.
