3300 5474
817 415 852 475 71

249 605 281 678 si
294 605 385 679 nivis
397 605 584 700 egregins,
599 605 718 701 patria
729 605 937 701 gaudebit''
962 603 1135 681 Ceterum
1148 614 1184 680 et
1197 605 1422 682 Schraderus

249 747 317 821 hoo
342 750 419 822 1000
444 749 600 822 offensus
624 755 678 822 est
703 749 767 844 qui
793 749 944 823 oonieoit
972 771 1194 843 „quorumve
1218 748 1326 823 alio.''

726 1068 785 1129 VS.
809 1066 938 1128 641-67.

355 1319 420 1393 Nil
443 1319 496 1393 ibi
521 1319 696 1393 maiorum
721 1328 921 1415 respectus,
949 1321 1069 1414 gratia
1096 1320 1202 1394 nulla

354 1463 579 1557 umbrarum3
607 1462 770 1536 dominos
795 1462 921 1557 pretiis
948 1471 1087 1536 mutare
1111 1463 1283 1536 iubentur

353 1606 514 1701 exiguis,
541 1605 627 1679 trito
652 1605 790 1679 duonnt
815 1605 976 1700 epiredia
1001 1606 1093 1678 00110

353 1747 564 1844 segnipedes
588 1746 762 1842 dignique
786 1749 917 1822 molam
943 1770 1087 1822 versare
1113 1747 1276 1843 Nepotis.

295 2033 379 2108 Vox
403 2056 497 2128 quae
522 2041 576 2106 est
605 2032 801 2128 „Nepotis”
830 2032 1006 2127 accipitur
1031 2031 1075 2105 de
1101 2032 1243 2104 nomine
1269 2031 1417 2126 pistoris

246 2177 390 2272 proprio
415 2177 462 2248 ab
489 2175 655 2249 omnibus
680 2173 755 2248 1010
769 2176 951 2250 veteribus
964 2175 1239 2271 interpretibus,
1263 2197 1417 2270 quorum

245 2320 339 2394 alius
364 2311 568 2394 adnotavit:
599 2341 749 2414 „nomen
775 2328 828 2392 est
854 2320 1038 2416 proprium
1064 2319 1134 2392 viri
1147 2319 1212 2414 qui
1225 2317 1418 2415 pistrinum

245 2462 418 2550 habebat,
446 2462 491 2536 de
524 2484 597 2557 quo
622 2461 822 2536 Martialis:
858 2462 923 2536 Bis
959 2463 1077 2536 vieine
1112 2460 1268 2559 Nepos’';
1301 2460 1416 2551 alius,

244 2605 429 2679 Lubinum
455 2604 553 2695 dieo,
582 2604 761 2699 copiosius
787 2612 828 2677 ut
853 2605 963 2695 solet,
990 2626 1068 2678 esse
1088 2626 1217 2677 nomen
1230 2603 1415 2700 proprium

244 2746 397 2820 affirmat
434 2725 610 2820 molitoris
648 2747 768 2839 avari,
823 2747 888 2840 qni
926 2746 1119 2842 pistrinum
1157 2746 1342 2838 habuerit,
1378 2746 1417 2818 in

243 2911 315 2985 quo
353 2889 412 2964 die
449 2899 485 2963 01
524 2898 628 2964 10010
666 2911 778 2984 equos
811 2897 977 2981 vexaret3
1014 2889 1079 2962 alii
1113 2888 1223 2963 aliud.
1274 2887 1417 2962 Vellem

243 3032 419 3107 dixissent
448 3032 544 3106 unde
577 3032 615 3105 id
642 3032 887 3129 sumpsissent.
929 3031 1037 3105 Nuno
1062 3053 1188 3104 vereor
1212 3053 1258 3104 ne
1284 3038 1416 3104 temere

182 3179 185 3187 '
243 3199 288 3248 ex
313 3183 434 3250 nostro
459 3176 538 3272 ipso
564 3177 642 3250 1000
669 3177 866 3251 hauserint.
894 3175 1074 3249 Martialis
1099 3174 1213 3266 enim,
1240 3174 1286 3247 ad
1308 3197 1415 3269 quem

242 3317 489 3392 Brittannicus
513 3327 702 3415 provooat,
718 3319 880 3413 loquitur
906 3316 951 3390 de
977 3317 1118 3412 Nepote
1143 3317 1299 3412 quodam
1328 3315 1412 3416 (Ep.

242 3460 410 3560 17121),
445 3462 490 3536 de
524 3462 665 3558 Nepote
697 3463 861 3536 molitore
894 3484 966 3534 non
1003 3460 1176 3555 loquitur.
1229 3459 1415 3534 Domitius

242 3603 457 3680 Oalderinus
490 3606 528 3678 in
563 3605 719 3678 editione
754 3603 966 3677 Mancinelli
991 3627 1073 3700 pag.
1103 3603 1272 3704 1251100
1306 3603 1414 3677 etiam

241 3725 359 3821 additss
397 3748 451 3842 „is
487 3748 680 3844 pistrinum
719 3747 893 3839 habebat,
933 3746 1030 3841 qnod
1064 3770 1146 3820 oum
1181 3747 1219 3818 in
1253 3745 1412 3820 omnium
1511 3753 1513 3757 '

241 3913 302 3965 010
326 3897 420 3964 00001
450 3891 528 3964 eius
553 3890 715 3963 meminit
741 3888 962 3963 Iuvenalis.''
991 3886 1106 3962 Cuius
1136 3888 1181 3962 ad
1206 3888 1410 3985 opinionem

241 4033 476 4107 libentissime
509 4032 733 4124 secederem,
765 4032 797 4105 si
823 4030 927 4104 modo
954 4031 1157 4105 testimonio
1183 4031 1243 4102 vel
1269 4031 1413 4104 tantillo

240 4176 425 4272 probasset
449 4175 555 4250 illum
580 4175 781 4249 molitorem
806 4196 934 4248 revera
959 4173 1152 4247 exstitisse.

288 4317 496 4391 Leetionem
545 4317 741 4414 „nepotis''‚
789 4339 898 4412 quam
945 4317 983 4389 in
1022 4315 1219 4389 novissima
1256 4314 1412 4389 editione

240 4459 392 4534 Iahnius
416 4459 568 4556 recepit,
596 4469 668 4533 no'n
694 4457 924 4533 defenderim.
953 4458 1036 4532 Non
1049 4456 1202 4531 enimde
1215 4456 1412 4531 maioribus

240 4603 483 4675 minoribusve
507 4601 750 4694 dominorum,
778 4623 903 4674 verum
929 4607 1102 4695 'equorum
1127 4622 1242 4672 sermo
1256 4608 1319 4672 est.
1349 4597 1408 4672 De
