3300 5474
799 452 835 513 91

696 765 757 825 VS.
773 719 945 826 ¹178—180.

891 978 961 1054 Sed
987 1002 1134 1075 oorpore
1159 989 1285 1054 trunoo

397 1120 575 1194 invidiosa
600 1120 702 1194 dubit
727 1121 896 1194 minimus
922 1122 1051 1195 solatia
1076 1121 1236 1216 sanguis.

395 1274 433 1336 at
459 1262 620 1336 vindiota
645 1266 777 1337 bonum
802 1264 879 1336 vita
905 1263 1098 1337 iuoundius
1124 1264 1213 1360 ipsa.

286 1501 408 1577 Verba
443 1502 527 1596 „sed
562 1547 606 1556 —
641 1501 812 1597 sanguis’
841 1511 969 1599 poetae
994 1503 1188 1577 tribuenda
1213 1527 1308 1596 esse,
1335 1527 1406 1577 non

239 1643 409 1734 Calvino,
437 1645 526 1718 satis
551 1654 687 1719 eertum
713 1653 777 1718 est.
807 1646 900 1719 Nam
928 1669 1035 1719 voees
1061 1670 1229 1742 „corpore
1256 1646 1405 1722 trunoo''

239 1787 400 1861 oonsulto
439 1787 476 1860 in
515 1788 618 1861 initio
655 1789 853 1862 sententiae
891 1790 1007 1884 posita
1045 1799 1148 1882 sunt,
1183 1798 1222 1863 ut
1248 1790 1407 1864 animum

239 1930 381 2004 leotoris
414 1930 584 2004 foeditate
617 1930 806 2026 adspectus
838 1931 1059 2027 indignoque
1086 1933 1290 2028 spectaculo
1315 1957 1406 2007 oom-

239 2083 421 2164 moveant,
457 2072 610 2167 ideoque
644 2084 848 2168 comparata
883 2083 968 2148 sunt
997 2074 1043 2147 ad
1070 2075 1243 2147 invidiam
1269 2075 1407 2149 auotori

241 2214 359 2288 oaedis
393 2215 625 2289 conflandam.
666 2214 815 2289 Accedit
850 2216 946 2310 quod
981 2217 1161 2312 particula
1188 2215 1270 2310 „at”
1298 2217 1406 2290 usita-

239 2356 377 2431 tissima
403 2367 456 2432 est
482 2360 519 2431 in
545 2359 591 2433 iis
615 2359 821 2448 sententiis,
849 2381 942 2453 quae
968 2359 1174 2432 adversario
1189 2358 1405 2431 tribuantur.

239 2498 293 2573 Ut
319 2523 364 2572 ex
390 2501 513 2574 multis
538 2503 710 2597 exemplis
737 2487 853 2597 pauoa
878 2503 1042 2575 afferam:
1077 2501 1198 2574 oonfer
1224 2498 1301 2574 Cio.
1327 2499 1405 2572 Mil.

241 2647 280 2730 b',
311 2643 469 2733 15,13,
500 2642 1405 2736 353flor.sat.11,51,80;Liv.V11114,14.

241 2783 408 2880 Denique
441 2788 471 2860 si
506 2796 541 2860 et
574 2789 672 2883 prior
706 2788 885 2860 sententia
912 2787 996 2880 „sed
1023 2831 1066 2839 -
1096 2785 1266 2881 sanguis’'
1293 2808 1408 2880 aeque

239 2950 282 3000 uo
306 2929 421 3002 altera
443 2938 503 3023 „at
529 2973 575 2983 -
601 2930 701 3025 ipsa’'
729 2929 935 3003 adversario
962 2952 1027 3003 suo
1041 2930 1200 3003 tribuere
1215 2929 1405 3016 voluisset,

240 3079 344 3165 poeta
368 3071 476 3145 etiam
501 3073 538 3144 in
565 3073 633 3146 hae
658 3056 833 3168 posuisset
862 3071 979 3164 ,sed’',
1009 3072 1178 3166 quoniam
1205 3071 1407 3166 anaphorae

239 3211 430 3286 admodum
467 3215 583 3306 favet,
623 3215 833 3310 praesertim
871 3237 952 3288 oum
986 3215 1118 3303 oratio,
1159 3222 1200 3287 ut
1237 3213 1313 3305 hio,
1353 3220 1407 3286 est

240 3355 459 3429 oonoitatior.
490 3355 579 3454 (Sat.
607 3355 682 3430 XV
708 3355 782 3453 94).
954 3337 957 3343 ’

288 3494 381 3570 Oum
406 3506 526 3571 autem
551 3500 661 3572 verba
683 3498 767 3593 „sed
789 3541 837 3551 —
861 3496 1031 3592 sanguis''
1048 3508 1174 3594 poetae
1186 3497 1405 3588 tribuamus,

240 3639 456 3713 adieetivum
490 3639 586 3734 quod
620 3649 673 3713 est
709 3639 921 3734 „minimus”
944 3635 1087 3736 'graves
1120 3648 1239 3713 movet
1267 3639 1407 3713 dubita-

241 3783 365 3857 tiones.
417 3781 725 3880 Herweruenus1)
774 3782 926 3877 ambigit
973 3792 1094 3857 utrum
1132 3781 1322 3877 legendum
1360 3781 1407 3855 sit

243 3926 370 4019 „vilis”
407 3950 454 3999 an
489 3923 665 4019 „minius”
700 3923 738 3998 id
771 3932 826 3998 est
862 3924 1027 4018 „rubea”
1080 3924 1188 3998 Prius
1213 3947 1255 3998 eo
1280 3947 1407 4020 parum

242 4078 295 4142 est
322 4067 525 4164 probabile,
553 4066 648 4161 quod
676 4064 868 4160 „sanguis”
884 4065 1165 4140 misericordiam
1185 4075 1220 4139 et
1233 4065 1407 4139 invidiam

241 4209 346 4283 debet
373 4232 532 4302 movere3
560 4210 713 4282 alterum
734 4207 823 4280 mibi
836 4207 980 4302 quidem
995 4209 1138 4282 videtur
1150 4208 1242 4281 nihil
1255 4208 1405 4302 habere,

242 4374 313 4446 quo
339 4374 377 4426 se
403 4350 641 4442 commendet,
664 4350 734 4423 nisi
754 4349 958 4422 litterarum
978 4349 1261 4425 similitudinem.
1288 4350 1407 4446 Magis

285 4637 309 4712 1)
332 4635 541 4713 Mnemosyne.
563 4634 652 4694 Nova
673 4635 765 4694 series
786 4637 813 4694 l.
835 4653 903 4714 pag.
923 4637 982 4694 408
1004 4655 1066 4713 sqq.
