3300 5474
788 444 827 504 59

224 630 386 724 videtur,
426 638 462 704 et
499 631 702 711 emendatio
740 632 860 706 nescio
899 633 1004 707 cuius
1036 633 1191 728 legentis
1228 633 1393 727 „tremit”
1512 655 1514 659 ·

224 773 340 868 magis
372 773 530 847 declinat
563 798 586 848 a
612 774 774 849 codicum
800 777 962 849 lectione.
1003 775 1122 849 Valde
1147 776 1233 849 mihi
1261 777 1396 851 arridet

226 916 376 1010 „calet''‚
403 917 560 991 undeet
589 917 740 1014 „pavet”
768 928 804 991 et
819 918 945 1012 „silet”
960 919 1067 993 facile
1080 919 1168 992 oriri
1181 927 1393 1014 potuerunt,

224 1059 390 1154 quodque
422 1082 566 1133 sensum
599 1059 707 1133 habet
743 1061 829 1135 huic
863 1062 941 1135 loco
967 1062 1202 1157 aptissimum.
1244 1059 1395 1155 „Oalere

224 1202 356 1275 amoris
380 1201 581 1276 desiderio’'
608 1202 680 1276 diei
706 1226 810 1298 posse
835 1204 925 1278 satis
938 1213 1061 1278 notum
1080 1213 1153 1278 est:
1171 1203 1259 1278 Hor.
1275 1203 1394 1279 Oarm.

225 1343 388 1418 111110.
416 1348 482 1418 33:
500 1369 593 1439 „non
606 1346 722 1440 magis
734 1347 859 1420 calebo
872 1346 917 1420 de
930 1346 1096 1438 femina”;
1126 1345 1233 1421 Ovid.
1249 1347 1393 1422 Metam.
1522 1360 1524 1365 '

224 1485 301 1560 VII
328 1490 417 1561 731:
446 1487 645 1581 „desiderio
668 1488 795 1562 calet.”
824 1487 959 1563 Sensus
983 1490 1096 1563 nostri
1124 1491 1192 1563 loci
1205 1491 1280 1563 fere
1300 1490 1393 1563 idem

224 1637 278 1701 est
302 1636 411 1723 atque
438 1652 562 1704 versus
590 1633 679 1704 327:
711 1632 882 1726 „prurigo
908 1655 1027 1705 morae
1052 1632 1277 1727 impatiens.’'

685 1906 744 1967 VS.
766 1909 933 1965 ace-313.

335 2145 512 2220 Noctibus
537 2147 597 2221 hic
622 2158 759 2242 ponunt
785 2147 951 2240 lecticas,
979 2147 1190 2221 micturiunt
1217 2146 1276 2221 hic

330 2289 555 2384 effigiemque
579 2289 668 2363 deae
693 2291 813 2385 longis
837 2290 1048 2385 siphonibus
1073 2290 1240 2385 implent,

330 2432 440 2526 inque
466 2432 563 2506 vices
589 2433 753 2526 equitant
778 2442 814 2506 et
841 2434 927 2506 luna
952 2440 1042 2506 teste
1068 2442 1265 2508 moventur.

330 2573 412 2647 inde
438 2573 561 2647 domos
587 2574 738 2647 abeunt:
765 2580 805 2646 tu
832 2574 949 2648 calcas
974 2575 1055 2647 luce
1080 2597 1223 2648 reversa
1339 2668 1342 2672 ²

332 2717 496 2812 coniugis
522 2715 664 2790 urinam
689 2739 838 2811 magnos
863 2717 1008 2790 visurus
1033 2717 1175 2791 amicos.

276 2947 378 3022 Duos
424 2947 637 3043 posteriores
685 2970 810 3021 versus
849 2947 1023 3021 Iuvenale
1060 2948 1229 3042 indignos
1266 2950 1391 3022 habeo.

226 3091 359 3165 Nullus
393 3090 519 3164 dubito
553 3091 641 3186 quin
675 3092 722 3163 ab
757 3090 897 3186 impuro
925 3091 1097 3165 monacho
1123 3093 1273 3187 profecti
1299 3093 1390 3184 sint,

224 3256 304 3306 cum
325 3240 361 3306 et
386 3233 482 3306 omni
509 3233 643 3307 virtute
668 3234 803 3307 comica
828 3242 864 3306 et
890 3234 1036 3307 satirica
1061 3249 1225 3329 careant,
1253 3246 1289 3310 et
1316 3260 1392 3309 ver-

224 3377 351 3450 borum
377 3385 518 3450 tantum
543 3375 665 3462 sordes
691 3377 906 3450 contineant.
935 3375 1064 3449 Nonne
1085 3377 1276 3452 admodum
1287 3403 1394 3474 quae·

223 3519 293 3591 sita
327 3518 437 3592 sunt?
476 3519 606 3592 Nonne
640 3519 737 3592 omni
773 3526 895 3591 carent
930 3518 1209 3613 probabilitate?
1247 3518 1338 3595 Cum
1373 3545 1393 3595 e

224 3661 343 3734 verbis
380 3661 568 3754 „noctibus
602 3660 662 3733 hic
696 3669 832 3756 ponunt
866 3659 1034 3734 lecticas”
1073 3659 1138 3759 (vs.
1172 3660 1257 3760 309)
1293 3664 1392 3738 lucu-

224 3803 339 3875 lenter
373 3811 494 3897 pateat
528 3802 679 3876 feminas
712 3802 856 3876 domum
882 3803 1017 3893 redire,
1044 3825 1116 3877 non
1141 3804 1315 3899 estquod
1340 3805 1392 3878 in-

225 3944 452 4040 terpolatoris
486 3944 703 4019 admiremur
736 3945 943 4018 inveniendi
977 3947 1187 4020 facultatem
1219 3946 1389 4021 dicentis:

227 4086 331 4181 „inde
352 4087 475 4161 domos
496 4087 666 4162 abeunt.''
703 4087 810 4162 Dom.
838 4086 1054 4163 Oalderinus
1070 4087 1096 4187 1)
1125 4089 1190 4162 hos
1203 4091 1393 4164 versussic

224 4224 482 4325 interpretatus
506 4238 579 4304 est:
609 4253 713 4325 „oum
739 4231 795 4304 vis
819 4254 969 4326 surgere
981 4230 1027 4304 ad
1040 4201 1249 4305 salutandos
1261 4232 1392 4306 divites

223 4372 373 4464 amieos,
409 4381 450 4446 tu
484 4372 586 4469 prius
620 4373 676 4446 vis
699 4373 794 4447 coire
820 4396 903 4454 cum
928 4395 1059 4466 uxore3
1091 4372 1153 4446 sed
1180 4373 1272 4446 nihil
1296 4397 1391 4469 sper-

224 4563 381 4572 -—-—--·-

266 4653 290 4736 ¹)
313 4656 375 4715 eae.
397 4655 463 4714 Iuv.
485 4656 557 4715 Rec.
580 4657 714 4715 Manain.
737 4676 804 4736 pag.
828 4659 874 4716 88.
