3300 5474
834 439 874 498 66

260 630 376 703 inesse
412 629 475 719 iis,
515 627 605 700 mihi
637 627 869 701 adsentietur.
921 605 1022 702 Haec
1055 629 1151 702 enim
1185 629 1273 704 dicit
1304 638 1433 726 poeta:

262 772 499 867 „praecipuus
531 770 864 844 mathematicorum
897 772 1025 862 estis,
1065 772 1129 867 qui
1153 773 1298 868 saepius
1323 774 1429 847 exsul

259 915 347 1005 fuit,
374 914 437 1009 qui
462 936 500 988 se
525 914 706 1010 corrumpi
731 914 885 1009 patitur,
917 914 981 1009 qui
1007 914 1046 987 in
1070 914 1203 988 vinclis
1228 924 1264 988 et
1292 937 1434 989 carcere

259 1056 323 1131 diu
347 1058 435 1147 fuit3
463 1056 691 1131 indemnatus
715 1079 819 1130 nemo
844 1057 992 1152 genium
1017 1057 1175 1159 habebit.
1212 1057 1283 1133 Sed
1309 1060 1341 1133 is
1365 1059 1429 1153 qui

259 1223 372 1297 paene
397 1200 523 1296 periit,
549 1201 613 1296 qui
639 1200 822 1294 relegatus
847 1210 901 1274 est
927 1200 1062 1296 diuque
1086 1201 1125 1304 in
1151 1202 1280 1275 exsilio
1303 1200 1433 1277 vixil.”
1514 1215 1541 1241 ‘-

259 1341 436 1416 Postremi
461 1343 533 1416 duo
560 1365 685 1416 versus
709 1366 828 1418 nonne
854 1343 978 1417 cadem
1003 1344 1078 1417 fere
1104 1345 1309 1437 continent,
1339 1367 1434 1439 quae

260 1487 298 1559 in
324 1486 504 1581 prioribus
528 1486 601 1558 iam
626 1485 724 1559 dicta
751 1484 879 1559 erant?

307 1627 478 1702 Attamen
516 1627 580 1701 hos
615 1626 705 1701 duos
741 1651 867 1701 versus
893 1628 1039 1701 minime
1064 1627 1238 1702 Iuvenale
1263 1628 1434 1724 indignos

258 1772 390 1863 habco,
432 1794 556 1845 verum
594 1780 682 1866 puto
720 1771 933 1845 documento
971 1794 1049 1845 esse
1088 1772 1239 1845 alterius
1272 1773 1319 1845 ab
1353 1773 1432 1869 ipso

257 1923 362 2012 poeta
387 1915 567 2010 profectae
592 1914 828 2005 recensionis,
855 1915 975 2010 qualis
996 1915 1215 1988 recensionis
1228 1900 1440 1989 Teuffelius'

257 2057 399 2154 primus·
419 2056 569 2150 agnovit
595 2057 766 2151 vestigia,
795 2066 831 2130 et
851 2064 915 2130 aut
928 2057 1142 2131 omittendos
1164 2080 1216 2130 vs.
1232 2057 1425 2131 aco-561

260 2198 319 2299 (de
344 2199 686 2285 talisententiarum
699 2223 795 2273 nexu
809 2199 1015 2274 conferendi
1037 2198 1111 2273 Sat.
1127 2199 1228 2274 Vvs.
1242 2198 1429 2298 alt-62),
1475 2254 1478 2261 -

256 2351 320 2416 aut
345 2365 397 2416 vs.
424 2343 636 2434 soa-564,
664 2364 755 2438 quos
777 2349 883 2439 poeta
895 2343 1047 2416 fortasse
1060 2342 1097 2415 in
1111 2343 1275 2437 margine
1288 2343 1430 2438 posuit,

256 2495 297 2560 ut
321 2471 386 2583 pro
412 2507 464 2558 vs.
491 2486 634 2558 60-61
661 2485 779 2558 locum
806 2494 1022 2580 occuparent
1047 2493 1128 2580 post
1153 2508 1206 2558 vs.
1234 2486 1294 2558 62.

304 2626 375 2703 His
399 2629 471 2701 iam
483 2628 628 2723 scriptis
641 2627 716 2702 vidi
729 2627 973 2702 Ribbeekium
989 2625 1015 2725 ¹)
1036 2650 1088 2701 vs.
1104 2629 1247 2700 60-61
1266 2626 1425 2701 eiecisse.

715 2914 776 2975 VS.
798 2915 967 2973 olo-err.

353 3145 426 3221 Hie
450 3148 607 3242 magicos
632 3148 735 3221 affert
760 3153 904 3237 cantus,
933 3145 992 3218 hic
1016 3143 1194 3217 Thessala
1220 3142 1345 3216 vendit

352 3289 504 3385 philtra,
532 3291 665 3384 quibus
690 3291 811 3362 valeat
836 3295 990 3361 mentem
1016 3299 1149 3360 vexare
1174 3286 1308 3359 mariti.
1330 3363 1332 3367 .

303 3528 401 3603 Falli
440 3530 529 3603 mihi
567 3530 710 3605 videtur
748 3529 968 3605 Weidnerus
983 3527 1032 3627 2),
1070 3528 1181 3602 verba
1213 3549 1308 3622 quae
1341 3535 1426 3601 sunt

256 3672 338 3767 „hic
371 3717 419 3726 -
452 3673 533 3747 hie'’
569 3697 641 3747 non
667 3673 878 3769 pronomina
905 3695 981 3745 csse
1007 3671 1129 3745 dicens
1154 3669 1217 3744 sed
1243 3669 1425 3744 adverbia.

256 3813 352 3905 Quid
377 3825 454 3889 tum
480 3825 534 3890 est
558 3817 760 3890 subiectum
786 3816 888 3889 verbi
916 3814 1085 3909 „affert'';
1113 3813 1202 3909 quid
1223 3814 1322 3888 vocis
1334 3836 1427 3908 quae

253 3965 308 4031 est
335 3957 530 4052 „vendit''?
555 3956 615 4032 An
641 3957 759 4032 uxor?
784 3958 882 4032 Num
903 3959 1112 4031 uxoroeodr't
1125 3956 1286 4052 philtra?
1308 3954 1425 4031 Credo

253 4101 372 4175 virum
397 4101 541 4176 doctum
566 4126 631 4198 pro
658 4101 826 4197 „vendit”
855 4101 1079 4175 intellexisse
1107 4100 1250 4195 „emit”

296 4368 401 4445 1)1,1.
426 4387 494 4446 pag.
518 4369 575 4428 167
597 4389 659 4448 sqq.

293 4474 319 4552 ²)
340 4477 360 4534 l.
381 4476 399 4533 l.
422 4494 490 4554 pag.
514 4477 582 4535 165.
