3300 5474
806 454 845 515 57

244 642 413 717 momenti
436 664 516 717 esse
540 650 638 739 puto.
666 640 761 716 Nam
782 664 865 716 curn
882 642 1017 716 femina
1029 643 1197 717 maritum
1210 644 1415 739 reliquisset

242 806 315 858 non
339 792 500 875 tantum,
526 784 590 859 sed
615 807 728 858 novas
754 784 900 881 nuptias
924 784 1159 875 celebrasset,
1181 797 1415 862 necesseerat

241 926 374 1001 iterum
406 950 486 1001 eam
519 950 601 1002 cum
636 927 751 1024 primo
785 927 864 1000 viro
885 948 946 1001 eas
972 927 1146 1002 adornare
1155 976 1169 1019 ‚·
1198 952 1307 1023 quas,
1342 953 1416 1025 qua

242 1078 321 1145 erat
351 1070 392 1145 in
424 1092 573 1145 uxorem
606 1070 851 1166 indulgentia,
892 1070 995 1144 illurn
1025 1071 1158 1145 celebri
1183 1072 1274 1145 festo
1298 1074 1415 1169 egisse

242 1236 316 1288 non
338 1222 395 1288 cst
418 1212 633 1289 mirandum.

292 1355 420 1431 Restat
454 1365 496 1432 ut
529 1380 582 1431 vs.
617 1358 812 1431 nar-228
846 1356 1071 1454 accipiantur
1105 1357 1151 1431 de
1183 1359 1308 1433 alteris
1333 1382 1414 1434 cum

242 1498 358 1597 primo
395 1498 525 1573 marito
564 1499 720 1595 nuptiis,
766 1499 826 1573 cui
864 1499 1085 1573 enarrationi
1124 1501 1270 1596 plurimi
1308 1503 1396 1575 inte,

242 1648 363 1739 pretes
380 1641 515 1715 favent.
545 1639 646 1715 Haec
673 1648 749 1715 turn
775 1649 830 1715 est
853 1642 1049 1715 sententia:
1084 1664 1198 1735 „uxor
1227 1653 1414 1739 postquam

242 1784 412 1859 maritum
435 1782 584 1879 reliquit
608 1781 802 1879 domosque
828 1786 1046 1879 permutavit
1069 1784 1115 1858 ad
1128 1785 1283 1880 primum
1296 1787 1414 1861 virum

242 1928 347 2003 redit.
398 1926 536 2002 Verum
577 1927 711 2001 femina
757 1927 849 2001 levis
883 1936 919 2000 et
954 1928 1161 2002 inconstans
1194 1929 1261 2003 boc
1293 1930 1414 2004 mariti

240 2069 416 2167 gaudium
449 2092 521 2145 nou
554 2069 641 2144 sinit
674 2092 752 2143 esse
786 2070 945 2165 longum.
987 2068 1102 2144 Paulo
1137 2080 1216 2166 post
1242 2073 1351 2147 ramis
1376 2074 1414 2147 in

240 2214 367 2288 limine
391 2211 511 2287 adbuc
536 2212 737 2286 virentibus
762 2212 893 2285 iterum
908 2211 1039 2286 deserit
1056 2214 1280 2309 coniugem.’'
1307 2215 1415 2290 Nunc

242 2357 375 2453 optime
400 2363 602 2450 sequuntur
628 2355 757 2428 verba:
787 2355 861 2447 „sic
886 2355 1014 2428 crescit
1042 2377 1229 2447 numerns3
1257 2357 1414 2432 sicfiunt

241 2490 324 2574 octo
347 2496 504 2573 mariti.''
530 2496 586 2573 Ut
610 2506 730 2572 autern
752 2498 930 2571 sententia
955 2506 1050 2571 recte
1075 2519 1114 2569 se
1140 2497 1266 2589 babet,
1292 2499 1345 2573 ita
1370 2499 1414 2573 de

240 2642 433 2717 verborum
471 2648 643 2715 contextu
680 2639 775 2713 idern
813 2639 885 2713 dici
925 2663 996 2713 non
1030 2648 1156 2735 potest.
1196 2640 1414 2716 Accuratins

239 2784 395 2860 enimsi
419 2783 639 2858 attendimus
663 2780 709 2856 ad
734 2782 800 2857 bos
827 2804 970 2856 versus:

1117 2952 1201 3026 inde

401 3095 524 3170 avolat
549 3103 586 3169 et
610 3095 722 3191 spreti
748 3095 879 3192 repetit
906 3094 1062 3189 vestigia
1087 3094 1181 3168 lecti.

402 3245 547 3312 ornatas
572 3238 680 3334 paulo
706 3246 790 3310 ante
816 3237 930 3327 fores,
958 3235 1151 3331 pendentia
1176 3237 1308 3332 linquit

402 3380 485 3454 vela
508 3377 636 3455 domus
661 3402 734 3475 eqs.

238 3629 303 3704 hic
334 3629 472 3725 aliquid
506 3628 630 3703 vitiosi
666 3629 778 3703 latere
814 3646 918 3702 nemo
951 3652 1022 3702 non
1054 3629 1164 3703 videt.
1199 3628 1292 3704 Cum
1317 3631 1412 3704 enirn

239 3793 365 3847 omncs
389 3772 589 3847 sententiae
615 3771 654 3843 in
680 3770 738 3844 his
762 3771 928 3844 versibus
956 3769 1180 3869 (nnn-230)
1209 3773 1413 3868 copulative

239 3915 387 3990 iunctae
419 3914 511 4008 sint,
546 3913 606 3988 hic
639 3913 755 3987 omnis
780 3913 949 3987 iunctura
974 3913 1091 4000 deest,
1136 3915 1250 3988 omnis
1288 3915 1411 3989 adver-

239 4057 382 4131 sativae
406 4056 563 4131 notionis
588 4053 807 4151 significatio
833 4056 964 4130 omissa
984 4065 1048 4129 est.
1077 4054 1224 4130 Poetam
1252 4078 1412 4131 nonnun-

240 4184 351 4296 quam
384 4199 559 4299 asyndeto
592 4199 821 4275 adversativo
854 4197 1047 4272 indulsisse
1081 4201 1190 4294 probe
1226 4199 1318 4290 scio,
1349 4200 1412 4274 sed

242 4350 321 4417 turn
344 4342 456 4416 verba
480 4341 575 4416 iuter
600 4363 639 4416 se
664 4341 829 4436 opposita
850 4340 1099 4414 adversativae
1120 4341 1319 4436 particulae
1332 4341 1411 4417 vice

241 4484 446 4579 unguntur
483 4493 520 4559 et
566 4485 777 4582 primarium
816 4507 941 4558 versus
975 4485 1138 4558 obtinent
1173 4485 1301 4558 locum.
1353 4481 1410 4557 Of.

245 4625 267 4699 Ι
295 4629 372 4719 107,
399 4626 461 4700 III
487 4629 567 4701 121.
595 4627 690 4702 Tum
717 4627 815 4701 notio
841 4627 962 4700 iterati
988 4627 1075 4700 lacti
1101 4627 1189 4700 dure
1203 4627 1334 4700 ornissa
1345 4635 1409 4700 est.

1280 4757 1294 4801 8
