<?xml version="1.0" encoding="UTF-8"?>
<!DOCTYPE html PUBLIC "-//W3C//DTD XHTML 1.0 Transitional//EN"
    "http://www.w3.org/TR/xhtml1/DTD/xhtml1-transitional.dtd">
<html xmlns="http://www.w3.org/1999/xhtml" xml:lang="en" lang="en">
 <head>
  <title>
</title>
<meta http-equiv="Content-Type" content="text/html;charset=utf-8" />
  <meta name='ocr-system' content='tesseract 3.04.00' />
  <meta name='ocr-capabilities' content='ocr_page ocr_carea ocr_par ocr_line ocrx_word'/>
</head>
<body>
  <div class='ocr_page' id='page_1' title='image "adnotationescri00jonggoog_0083.png"; bbox 0 0 3300 5474; ppageno 0'>
   <div class='ocr_carea' id='block_1_1' title="bbox 803 445 841 502">
    <p class='ocr_par' dir='ltr' id='par_1_1' title="bbox 803 445 841 502">
     <span class='ocr_line' id='line_1_1' title="bbox 803 445 841 502; baseline 0 0"><span class='ocrx_word' id='word_1_1' title='bbox 803 445 841 502; x_wconf 80' lang='lat'>78</span> 
     </span>
    </p>
   </div>
   <div class='ocr_carea' id='block_1_2' title="bbox 240 630 1406 866">
    <p class='ocr_par' dir='ltr' id='par_1_2' title="bbox 240 630 1406 866">
     <span class='ocr_line' id='line_1_2' title="bbox 241 630 1404 728; baseline -0.002 -23"><span class='ocrx_word' id='word_1_2' title='bbox 241 632 434 728; x_wconf 80' lang='lat' dir='ltr'><strong>respiciant</strong></span> <span class='ocrx_word' id='word_1_3' title='bbox 459 631 505 704; x_wconf 93' lang='lat' dir='ltr'>ad</span> <span class='ocrx_word' id='word_1_4' title='bbox 521 632 723 728; x_wconf 83' lang='lat' dir='ltr'>„sufficiunt</span> <span class='ocrx_word' id='word_1_5' title='bbox 740 630 850 706; x_wconf 90' lang='lat' dir='ltr'>haeo’&#39;</span> <span class='ocrx_word' id='word_1_6' title='bbox 865 655 982 728; x_wconf 88' lang='lat' dir='ltr'>neque</span> <span class='ocrx_word' id='word_1_7' title='bbox 995 632 1121 705; x_wconf 90' lang='lat' dir='ltr'>divelli</span> <span class='ocrx_word' id='word_1_8' title='bbox 1135 632 1218 704; x_wconf 88' lang='lat' dir='ltr'>inde</span> <span class='ocrx_word' id='word_1_9' title='bbox 1230 631 1404 723; x_wconf 88' lang='lat' dir='ltr'>debeant,</span> 
     </span>
     <span class='ocr_line' id='line_1_3' title="bbox 240 774 1406 866; baseline 0 -19"><span class='ocrx_word' id='word_1_10' title='bbox 240 774 333 847; x_wconf 88' lang='lat' dir='ltr'>nihil</span> <span class='ocrx_word' id='word_1_11' title='bbox 366 783 500 848; x_wconf 89' lang='lat' dir='ltr'>restare</span> <span class='ocrx_word' id='word_1_12' title='bbox 536 774 624 847; x_wconf 92' lang='lat' dir='ltr'>mihi</span> <span class='ocrx_word' id='word_1_13' title='bbox 658 775 819 864; x_wconf 86' lang='lat' dir='ltr'>videtur,</span> <span class='ocrx_word' id='word_1_14' title='bbox 854 775 925 848; x_wconf 91' lang='lat' dir='ltr'>nisi</span> <span class='ocrx_word' id='word_1_15' title='bbox 967 784 1008 849; x_wconf 89' lang='lat' dir='ltr'>ut</span> <span class='ocrx_word' id='word_1_16' title='bbox 1043 783 1260 866; x_wconf 87' lang='lat' dir='ltr'>statuamus,</span> <span class='ocrx_word' id='word_1_17' title='bbox 1302 796 1406 847; x_wconf 87' lang='lat' dir='ltr'>vooes</span> 
     </span>
    </p>
   </div>
   <div class='ocr_carea' id='block_1_3' title="bbox 243 915 1517 1013">
    <p class='ocr_par' dir='ltr' id='par_1_3' title="bbox 243 915 1517 1013">
     <span class='ocr_line' id='line_1_4' title="bbox 243 915 1517 1013; baseline 0.002 -26"><span class='ocrx_word' id='word_1_18' title='bbox 243 923 388 1010; x_wconf 88' lang='lat' dir='ltr'>„votum</span> <span class='ocrx_word' id='word_1_19' title='bbox 413 915 638 990; x_wconf 87' lang='lat' dir='ltr'>miserabile’&#39;</span> <span class='ocrx_word' id='word_1_20' title='bbox 666 938 731 1012; x_wconf 89' lang='lat' dir='ltr'>per</span> <span class='ocrx_word' id='word_1_21' title='bbox 757 918 989 1013; x_wconf 80' lang='lat' dir='ltr'>parenthesin</span> <span class='ocrx_word' id='word_1_22' title='bbox 1014 918 1129 991; x_wconf 90' lang='lat' dir='ltr'>diotas</span> <span class='ocrx_word' id='word_1_23' title='bbox 1154 926 1189 990; x_wconf 90' lang='lat' dir='ltr'>et</span> <span class='ocrx_word' id='word_1_24' title='bbox 1202 915 1406 990; x_wconf 83' lang='lat' dir='ltr'>referendas</span> <span class='ocrx_word' id='word_1_25' title='bbox 1514 918 1517 922; x_wconf 75' lang='grc'><strong>’</strong></span> 
     </span>
    </p>
   </div>
   <div class='ocr_carea' id='block_1_4' title="bbox 239 1058 1406 2010">
    <p class='ocr_par' dir='ltr' id='par_1_4' title="bbox 239 1058 1406 2010">
     <span class='ocr_line' id='line_1_5' title="bbox 240 1058 1406 1155; baseline 0 -25"><span class='ocrx_word' id='word_1_26' title='bbox 240 1080 316 1131; x_wconf 89' lang='lat' dir='ltr'>esse</span> <span class='ocrx_word' id='word_1_27' title='bbox 350 1058 395 1132; x_wconf 88' lang='lat' dir='ltr'>ad</span> <span class='ocrx_word' id='word_1_28' title='bbox 430 1060 628 1132; x_wconf 88' lang='lat' dir='ltr'>sententiae</span> <span class='ocrx_word' id='word_1_29' title='bbox 663 1059 909 1155; x_wconf 81' lang='lat' dir='ltr'>praesedentis</span> <span class='ocrx_word' id='word_1_30' title='bbox 943 1060 1071 1133; x_wconf 89' lang='lat' dir='ltr'>ultima</span> <span class='ocrx_word' id='word_1_31' title='bbox 1103 1061 1214 1132; x_wconf 86' lang='lat' dir='ltr'>verba</span> <span class='ocrx_word' id='word_1_32' title='bbox 1248 1081 1406 1154; x_wconf 84' lang='lat' dir='ltr'>„pauper</span> 
     </span>
     <span class='ocr_line' id='line_1_6' title="bbox 240 1200 1406 1296; baseline 0 -24"><span class='ocrx_word' id='word_1_33' title='bbox 240 1200 335 1288; x_wconf 85' lang='lat' dir='ltr'>ero&#39;&#39;,</span> <span class='ocrx_word' id='word_1_34' title='bbox 364 1209 404 1274; x_wconf 90' lang='lat' dir='ltr'>ut</span> <span class='ocrx_word' id='word_1_35' title='bbox 428 1201 494 1273; x_wconf 92' lang='lat' dir='ltr'>sit:</span> <span class='ocrx_word' id='word_1_36' title='bbox 530 1201 636 1295; x_wconf 86' lang='lat' dir='ltr'>haee„</span> <span class='ocrx_word' id='word_1_37' title='bbox 663 1223 756 1296; x_wconf 84' lang='lat' dir='ltr'>quae</span> <span class='ocrx_word' id='word_1_38' title='bbox 780 1210 882 1296; x_wconf 87' lang='lat' dir='ltr'>opto,</span> <span class='ocrx_word' id='word_1_39' title='bbox 906 1201 1087 1275; x_wconf 82' lang='lat' dir='ltr'>sufficiunt</span> <span class='ocrx_word' id='word_1_40' title='bbox 1111 1201 1157 1275; x_wconf 90' lang='lat' dir='ltr'>ad</span> <span class='ocrx_word' id='word_1_41' title='bbox 1182 1223 1296 1273; x_wconf 89' lang='lat' dir='ltr'>meam</span> <span class='ocrx_word' id='word_1_42' title='bbox 1320 1222 1406 1296; x_wconf 91' lang='lat' dir='ltr'>pau-</span> 
     </span>
     <span class='ocr_line' id='line_1_7' title="bbox 239 1341 1405 1439; baseline 0.001 -25"><span class='ocrx_word' id='word_1_43' title='bbox 239 1351 413 1438; x_wconf 85' lang='lat' dir='ltr'>pertatem</span> <span class='ocrx_word' id='word_1_44' title='bbox 439 1387 485 1396; x_wconf 73' lang='lat'><strong>·</strong></span> <span class='ocrx_word' id='word_1_45' title='bbox 513 1352 636 1417; x_wconf 91' lang='lat' dir='ltr'>votum</span> <span class='ocrx_word' id='word_1_46' title='bbox 662 1344 877 1417; x_wconf 89' lang='lat' dir='ltr'>miserabile.</span> <span class='ocrx_word' id='word_1_47' title='bbox 907 1341 968 1417; x_wconf 78' lang='lat' dir='ltr'>sio</span> <span class='ocrx_word' id='word_1_48' title='bbox 992 1343 1110 1418; x_wconf 88' lang='lat' dir='ltr'>dioere</span> <span class='ocrx_word' id='word_1_49' title='bbox 1136 1351 1293 1439; x_wconf 86' lang='lat' dir='ltr'>poterat„</span> <span class='ocrx_word' id='word_1_50' title='bbox 1320 1364 1405 1436; x_wconf 87' lang='lat' dir='ltr'>quo</span> 
     </span>
     <span class='ocr_line' id='line_1_8' title="bbox 240 1483 1406 1582; baseline 0 -26"><span class='ocrx_word' id='word_1_51' title='bbox 240 1485 337 1557; x_wconf 91' lang='lat' dir='ltr'>niam</span> <span class='ocrx_word' id='word_1_52' title='bbox 362 1487 428 1558; x_wconf 92' lang='lat' dir='ltr'>illa</span> <span class='ocrx_word' id='word_1_53' title='bbox 454 1487 573 1559; x_wconf 90' lang='lat' dir='ltr'>omnia</span> <span class='ocrx_word' id='word_1_54' title='bbox 594 1487 741 1582; x_wconf 82' lang='lat' dir='ltr'>cupiens</span> <span class='ocrx_word' id='word_1_55' title='bbox 764 1488 910 1582; x_wconf 91' lang='lat' dir='ltr'>optabat</span> <span class='ocrx_word' id='word_1_56' title='bbox 922 1494 1180 1582; x_wconf 89' lang='lat' dir='ltr'>paupertatem.</span> <span class='ocrx_word' id='word_1_57' title='bbox 1209 1483 1406 1580; x_wconf 75' lang='lat' dir='ltr'>Paupertas</span> 
     </span>
     <span class='ocr_line' id='line_1_9' title="bbox 240 1628 1406 1723; baseline 0 -23"><span class='ocrx_word' id='word_1_58' title='bbox 240 1628 354 1721; x_wconf 85' lang='lat' dir='ltr'>igitur</span> <span class='ocrx_word' id='word_1_59' title='bbox 383 1629 421 1700; x_wconf 94' lang='lat' dir='ltr'>in</span> <span class='ocrx_word' id='word_1_60' title='bbox 457 1628 550 1701; x_wconf 91' lang='lat' dir='ltr'>votis</span> <span class='ocrx_word' id='word_1_61' title='bbox 580 1637 666 1702; x_wconf 89' lang='lat' dir='ltr'>erat.</span> <span class='ocrx_word' id='word_1_62' title='bbox 707 1628 835 1723; x_wconf 86' lang='lat' dir='ltr'>ltaque</span> <span class='ocrx_word' id='word_1_63' title='bbox 860 1629 1038 1702; x_wconf 89' lang='lat' dir='ltr'>sententia</span> <span class='ocrx_word' id='word_1_64' title='bbox 1062 1637 1134 1701; x_wconf 91' lang='lat' dir='ltr'>est:</span> <span class='ocrx_word' id='word_1_65' title='bbox 1170 1629 1258 1702; x_wconf 91' lang='lat' dir='ltr'>haeo</span> <span class='ocrx_word' id='word_1_66' title='bbox 1291 1649 1406 1723; x_wconf 88' lang='lat' dir='ltr'>pauoa</span> 
     </span>
     <span class='ocr_line' id='line_1_10' title="bbox 241 1770 1405 1870; baseline 0 -27"><span class='ocrx_word' id='word_1_67' title='bbox 241 1770 442 1860; x_wconf 79' lang='lat' dir='ltr'>sufficiunt,</span> <span class='ocrx_word' id='word_1_68' title='bbox 478 1770 766 1864; x_wconf 88' lang='lat' dir='ltr'>quandoquidem</span> <span class='ocrx_word' id='word_1_69' title='bbox 792 1794 859 1865; x_wconf 79' lang='lat' dir='ltr'>ego</span> <span class='ocrx_word' id='word_1_70' title='bbox 885 1794 1021 1867; x_wconf 88' lang='lat' dir='ltr'>pauper</span> <span class='ocrx_word' id='word_1_71' title='bbox 1047 1795 1107 1845; x_wconf 89' lang='lat' dir='ltr'>ero</span> <span class='ocrx_word' id='word_1_72' title='bbox 1134 1770 1193 1870; x_wconf 88' lang='lat'>(=</span> <span class='ocrx_word' id='word_1_73' title='bbox 1217 1779 1405 1867; x_wconf 88' lang='lat' dir='ltr'>pauperta-</span> 
     </span>
     <span class='ocr_line' id='line_1_11' title="bbox 239 1910 1403 2010; baseline 0.002 -26"><span class='ocrx_word' id='word_1_74' title='bbox 239 1918 310 1985; x_wconf 89' lang='lat' dir='ltr'>tem</span> <span class='ocrx_word' id='word_1_75' title='bbox 332 1910 431 2009; x_wconf 89' lang='lat' dir='ltr'>opto)</span> <span class='ocrx_word' id='word_1_76' title='bbox 452 1956 498 1965; x_wconf 93' lang='lat'><strong>—</strong></span> <span class='ocrx_word' id='word_1_77' title='bbox 524 1921 646 1987; x_wconf 89' lang='lat' dir='ltr'>votum</span> <span class='ocrx_word' id='word_1_78' title='bbox 667 1913 933 1987; x_wconf 88' lang='lat' dir='ltr'>miserabile-</span> <span class='ocrx_word' id='word_1_79' title='bbox 948 1938 1014 1988; x_wconf 91' lang='lat' dir='ltr'>neo</span> <span class='ocrx_word' id='word_1_80' title='bbox 1026 1937 1107 2010; x_wconf 89' lang='lat' dir='ltr'>spes</span> <span class='ocrx_word' id='word_1_81' title='bbox 1121 1915 1178 1987; x_wconf 90' lang='lat' dir='ltr'>his</span> <span class='ocrx_word' id='word_1_82' title='bbox 1190 1915 1317 1987; x_wconf 90' lang='lat' dir='ltr'>saltem</span> <span class='ocrx_word' id='word_1_83' title='bbox 1330 1935 1403 2007; x_wconf 89' lang='lat' dir='ltr'>eqs.</span> 
     </span>
    </p>
   </div>
   <div class='ocr_carea' id='block_1_5' title="bbox 239 2048 1406 2150">
    <p class='ocr_par' dir='ltr' id='par_1_5' title="bbox 239 2048 1406 2150">
     <span class='ocr_line' id='line_1_12' title="bbox 239 2048 1406 2150; baseline 0 -22"><span class='ocrx_word' id='word_1_84' title='bbox 239 2054 333 2128; x_wconf 91' lang='lat' dir='ltr'>Vide</span> <span class='ocrx_word' id='word_1_85' title='bbox 361 2077 468 2149; x_wconf 89' lang='lat' dir='ltr'>quam</span> <span class='ocrx_word' id='word_1_86' title='bbox 504 2065 587 2150; x_wconf 90' lang='lat' dir='ltr'>apte</span> <span class='ocrx_word' id='word_1_87' title='bbox 613 2056 701 2129; x_wconf 90' lang='lat' dir='ltr'>haeo</span> <span class='ocrx_word' id='word_1_88' title='bbox 725 2057 904 2129; x_wconf 88' lang='lat' dir='ltr'>sententia</span> <span class='ocrx_word' id='word_1_89' title='bbox 934 2048 1090 2130; x_wconf 88' lang='lat' dir='ltr'>oausalis</span> <span class='ocrx_word' id='word_1_90' title='bbox 1115 2079 1196 2130; x_wconf 89' lang='lat' dir='ltr'>oum</span> <span class='ocrx_word' id='word_1_91' title='bbox 1221 2055 1406 2130; x_wconf 89' lang='lat' dir='ltr'>Naevolae</span> 
     </span>
    </p>
   </div>
   <div class='ocr_carea' id='block_1_6' title="bbox 207 2196 1405 3289">
    <p class='ocr_par' dir='ltr' id='par_1_6' title="bbox 237 2196 1405 2860">
     <span class='ocr_line' id='line_1_13' title="bbox 239 2196 1405 2295; baseline 0.002 -25"><span class='ocrx_word' id='word_1_92' title='bbox 239 2196 414 2271; x_wconf 88' lang='lat' dir='ltr'>modestia</span> <span class='ocrx_word' id='word_1_93' title='bbox 448 2199 614 2271; x_wconf 83' lang='lat' dir='ltr'>affectata</span> <span class='ocrx_word' id='word_1_94' title='bbox 651 2198 850 2272; x_wconf 83' lang='lat' dir='ltr'>conveniat.</span> <span class='ocrx_word' id='word_1_95' title='bbox 893 2197 1091 2292; x_wconf 82' lang='lat' dir='ltr'>„Quando”</span> <span class='ocrx_word' id='word_1_96' title='bbox 1126 2223 1190 2295; x_wconf 92' lang='lat' dir='ltr'>pro</span> <span class='ocrx_word' id='word_1_97' title='bbox 1227 2199 1405 2293; x_wconf 89' lang='lat' dir='ltr'>„quando-</span> 
     </span>
     <span class='ocr_line' id='line_1_14' title="bbox 237 2338 1403 2434; baseline 0.001 -22"><span class='ocrx_word' id='word_1_98' title='bbox 237 2338 404 2434; x_wconf 82' lang='lat' dir='ltr'>quidem”</span> <span class='ocrx_word' id='word_1_99' title='bbox 440 2338 512 2413; x_wconf 87' lang='lat' dir='ltr'>diui</span> <span class='ocrx_word' id='word_1_100' title='bbox 545 2341 732 2434; x_wconf 79' lang='lat' dir='ltr'>possevin</span> <span class='ocrx_word' id='word_1_101' title='bbox 757 2351 810 2414; x_wconf 87' lang='lat' dir='ltr'>est</span> <span class='ocrx_word' id='word_1_102' title='bbox 838 2341 933 2434; x_wconf 87' lang='lat' dir='ltr'>quod</span> <span class='ocrx_word' id='word_1_103' title='bbox 959 2364 1129 2415; x_wconf 90' lang='lat' dir='ltr'>moneam.</span> <span class='ocrx_word' id='word_1_104' title='bbox 1166 2338 1224 2414; x_wconf 84' lang='lat' dir='ltr'>Of.</span> <span class='ocrx_word' id='word_1_105' title='bbox 1252 2340 1403 2431; x_wconf 79' lang='lat'>11121,</span> 
     </span>
     <span class='ocr_line' id='line_1_15' title="bbox 239 2480 1405 2579; baseline 0 -24"><span class='ocrx_word' id='word_1_106' title='bbox 239 2481 275 2555; x_wconf 92' lang='lat' dir='ltr'>V</span> <span class='ocrx_word' id='word_1_107' title='bbox 300 2485 365 2572; x_wconf 83' lang='grc'>93,</span> <span class='ocrx_word' id='word_1_108' title='bbox 393 2480 453 2553; x_wconf 90' lang='lat' dir='ltr'>XI</span> <span class='ocrx_word' id='word_1_109' title='bbox 481 2483 561 2555; x_wconf 81' lang='lat'><strong>182.</strong></span> <span class='ocrx_word' id='word_1_110' title='bbox 598 2480 703 2572; x_wconf 78' lang='lat' dir='ltr'>Quod</span> <span class='ocrx_word' id='word_1_111' title='bbox 729 2481 889 2556; x_wconf 87' lang='lat' dir='ltr'>Kiaerus</span> <span class='ocrx_word' id='word_1_112' title='bbox 914 2483 1002 2557; x_wconf 90' lang='lat' dir='ltr'>dioit</span> <span class='ocrx_word' id='word_1_113' title='bbox 1030 2482 1210 2579; x_wconf 81' lang='lat' dir='ltr'>„pauper”</span> <span class='ocrx_word' id='word_1_114' title='bbox 1236 2483 1274 2556; x_wconf 93' lang='lat' dir='ltr'>in</span> <span class='ocrx_word' id='word_1_115' title='bbox 1299 2483 1405 2556; x_wconf 91' lang='lat' dir='ltr'>initio</span> 
     </span>
     <span class='ocr_line' id='line_1_16' title="bbox 237 2624 1405 2720; baseline 0.003 -26"><span class='ocrx_word' id='word_1_116' title='bbox 237 2645 363 2697; x_wconf 87' lang='lat' dir='ltr'>versus</span> <span class='ocrx_word' id='word_1_117' title='bbox 387 2624 473 2719; x_wconf 89' lang='lat' dir='ltr'>po&#39;ni</span> <span class='ocrx_word' id='word_1_118' title='bbox 498 2624 682 2717; x_wconf 87' lang='lat' dir='ltr'>debuisse,</span> <span class='ocrx_word' id='word_1_119' title='bbox 718 2648 790 2699; x_wconf 94' lang='lat' dir='ltr'>non</span> <span class='ocrx_word' id='word_1_120' title='bbox 815 2625 938 2719; x_wconf 85' lang='lat' dir='ltr'>oredo,</span> <span class='ocrx_word' id='word_1_121' title='bbox 965 2648 1082 2720; x_wconf 87' lang='lat' dir='ltr'>neque</span> <span class='ocrx_word' id='word_1_122' title='bbox 1107 2626 1201 2699; x_wconf 90' lang='lat' dir='ltr'>enim</span> <span class='ocrx_word' id='word_1_123' title='bbox 1228 2648 1310 2699; x_wconf 87' lang='lat' dir='ltr'>oum</span> <span class='ocrx_word' id='word_1_124' title='bbox 1334 2625 1405 2698; x_wconf 92' lang='lat' dir='ltr'>sin-</span> 
     </span>
     <span class='ocr_line' id='line_1_17' title="bbox 238 2765 753 2860; baseline 0.002 -21"><span class='ocrx_word' id='word_1_125' title='bbox 238 2765 361 2860; x_wconf 86' lang='lat' dir='ltr'>gulari</span> <span class='ocrx_word' id='word_1_126' title='bbox 385 2765 423 2838; x_wconf 82' lang='lat' dir='ltr'>vi</span> <span class='ocrx_word' id='word_1_127' title='bbox 448 2767 664 2841; x_wconf 88' lang='lat' dir='ltr'>efferendum</span> <span class='ocrx_word' id='word_1_128' title='bbox 690 2775 753 2840; x_wconf 89' lang='lat' dir='ltr'>est.</span> 
     </span>
    </p>

    <p class='ocr_par' dir='ltr' id='par_1_7' title="bbox 207 2905 1405 3289">
     <span class='ocr_line' id='line_1_18' title="bbox 290 2905 1405 2985; baseline 0 -4"><span class='ocrx_word' id='word_1_129' title='bbox 290 2905 461 2981; x_wconf 83' lang='lat' dir='ltr'>Ceterum</span> <span class='ocrx_word' id='word_1_130' title='bbox 495 2908 567 2981; x_wconf 91' lang='lat' dir='ltr'>iam</span> <span class='ocrx_word' id='word_1_131' title='bbox 600 2909 638 2981; x_wconf 94' lang='lat' dir='ltr'>in</span> <span class='ocrx_word' id='word_1_132' title='bbox 663 2909 820 2983; x_wconf 86' lang='lat' dir='ltr'>editione</span> <span class='ocrx_word' id='word_1_133' title='bbox 844 2909 970 2983; x_wconf 89' lang='lat' dir='ltr'>harum</span> <span class='ocrx_word' id='word_1_134' title='bbox 1000 2919 1204 2985; x_wconf 88' lang='lat' dir='ltr'>saturarum</span> <span class='ocrx_word' id='word_1_135' title='bbox 1231 2908 1405 2984; x_wconf 79' lang='lat' dir='ltr'>Sorevelii</span> 
     </span>
     <span class='ocr_line' id='line_1_19' title="bbox 207 3047 1405 3148; baseline 0.003 -27"><span class='ocrx_word' id='word_1_136' title='bbox 207 3112 210 3119; x_wconf 93' lang='lat'><strong>.</strong></span> <span class='ocrx_word' id='word_1_137' title='bbox 240 3072 307 3122; x_wconf 88' lang='lat' dir='ltr'>neo</span> <span class='ocrx_word' id='word_1_138' title='bbox 340 3072 410 3122; x_wconf 93' lang='lat' dir='ltr'>non</span> <span class='ocrx_word' id='word_1_139' title='bbox 446 3047 608 3123; x_wconf 84' lang='lat' dir='ltr'>Orameri</span> <span class='ocrx_word' id='word_1_140' title='bbox 640 3059 720 3146; x_wconf 88' lang='lat' dir='ltr'>post</span> <span class='ocrx_word' id='word_1_141' title='bbox 754 3053 865 3125; x_wconf 91' lang='lat' dir='ltr'>verba</span> <span class='ocrx_word' id='word_1_142' title='bbox 892 3075 1049 3148; x_wconf 89' lang='lat' dir='ltr'>„pauper</span> <span class='ocrx_word' id='word_1_143' title='bbox 1074 3053 1157 3127; x_wconf 87' lang='lat' dir='ltr'>ero&#39;’</span> <span class='ocrx_word' id='word_1_144' title='bbox 1184 3053 1328 3148; x_wconf 84' lang='lat' dir='ltr'>signum</span> <span class='ocrx_word' id='word_1_145' title='bbox 1353 3053 1405 3125; x_wconf 87' lang='lat' dir='ltr'>in·</span> 
     </span>
     <span class='ocr_line' id='line_1_20' title="bbox 238 3192 1321 3289; baseline 0.006 -25"><span class='ocrx_word' id='word_1_146' title='bbox 238 3192 494 3286; x_wconf 83' lang='lat' dir='ltr'>terrogationis</span> <span class='ocrx_word' id='word_1_147' title='bbox 521 3192 677 3287; x_wconf 91' lang='lat' dir='ltr'>positum</span> <span class='ocrx_word' id='word_1_148' title='bbox 703 3215 779 3268; x_wconf 89' lang='lat' dir='ltr'>esse</span> <span class='ocrx_word' id='word_1_149' title='bbox 804 3194 941 3289; x_wconf 83' lang='lat' dir='ltr'>fugisse</span> <span class='ocrx_word' id='word_1_150' title='bbox 965 3195 1109 3268; x_wconf 89' lang='lat' dir='ltr'>videtur</span> <span class='ocrx_word' id='word_1_151' title='bbox 1133 3193 1321 3270; x_wconf 89' lang='lat' dir='ltr'>Kiaerum.</span> 
     </span>
    </p>
   </div>
   <div class='ocr_carea' id='block_1_7' title="bbox 631 3944 1010 4021">
    <p class='ocr_par' dir='ltr' id='par_1_8' title="bbox 631 3944 1010 4021">
     <span class='ocr_line' id='line_1_21' title="bbox 631 3944 1010 4021; baseline 0.008 -3"><span class='ocrx_word' id='word_1_152' title='bbox 631 3944 909 4020; x_wconf 35' lang='lat' dir='ltr'>sindual</span> <span class='ocrx_word' id='word_1_153' title='bbox 970 3947 1010 4021; x_wconf 89' lang='lat' dir='ltr'>X.</span> 
     </span>
    </p>
   </div>
   <div class='ocr_carea' id='block_1_8' title="bbox 716 4251 926 4310">
    <p class='ocr_par' dir='ltr' id='par_1_9' title="bbox 716 4251 926 4310">
     <span class='ocr_line' id='line_1_22' title="bbox 716 4251 926 4310; baseline 0 0"><span class='ocrx_word' id='word_1_154' title='bbox 716 4251 776 4310; x_wconf 79' lang='lat' dir='ltr'>Vs,</span> <span class='ocrx_word' id='word_1_155' title='bbox 798 4252 926 4310; x_wconf 79' lang='lat'>45-46.</span> 
     </span>
    </p>
   </div>
   <div class='ocr_carea' id='block_1_9' title="bbox 349 4482 1352 4721">
    <p class='ocr_par' dir='ltr' id='par_1_10' title="bbox 349 4482 1352 4721">
     <span class='ocr_line' id='line_1_23' title="bbox 821 4482 1352 4580; baseline 0.002 -22"><span class='ocrx_word' id='word_1_156' title='bbox 821 4483 956 4558; x_wconf 91' lang='lat' dir='ltr'>Niveos</span> <span class='ocrx_word' id='word_1_157' title='bbox 981 4484 1027 4558; x_wconf 91' lang='lat' dir='ltr'>ad</span> <span class='ocrx_word' id='word_1_158' title='bbox 1051 4486 1153 4558; x_wconf 85' lang='lat' dir='ltr'>frena</span> <span class='ocrx_word' id='word_1_159' title='bbox 1179 4482 1352 4580; x_wconf 81' lang='lat' dir='ltr'>Quirites,</span> 
     </span>
     <span class='ocr_line' id='line_1_24' title="bbox 349 4619 1283 4721; baseline 0.003 -25"><span class='ocrx_word' id='word_1_160' title='bbox 349 4623 490 4696; x_wconf 85' lang='lat' dir='ltr'>defossa</span> <span class='ocrx_word' id='word_1_161' title='bbox 515 4624 553 4696; x_wconf 94' lang='lat' dir='ltr'>in</span> <span class='ocrx_word' id='word_1_162' title='bbox 581 4625 709 4698; x_wconf 90' lang='lat' dir='ltr'>looulis</span> <span class='ocrx_word' id='word_1_163' title='bbox 732 4647 823 4719; x_wconf 91' lang='lat' dir='ltr'>quos</span> <span class='ocrx_word' id='word_1_164' title='bbox 847 4628 1008 4721; x_wconf 83' lang='lat' dir='ltr'>sportula</span> <span class='ocrx_word' id='word_1_165' title='bbox 1032 4627 1117 4700; x_wconf 82' lang='lat' dir='ltr'>feoit</span> <span class='ocrx_word' id='word_1_166' title='bbox 1141 4619 1283 4701; x_wconf 84' lang='lat' dir='ltr'>amieos.</span> 
     </span>
    </p>
   </div>
   <div class='ocr_carea' id='block_1_10' title="bbox 0 0 1654 5474">
    <p class='ocr_par' dir='ltr' id='par_1_11' title="bbox 0 0 1654 5474">
     <span class='ocr_line' id='line_1_25' title="bbox 0 0 1654 5474; baseline 0 0"><span class='ocrx_word' id='word_1_167' title='bbox 0 0 1654 5474; x_wconf 95' lang='lat' dir='ltr'> </span> 
     </span>
    </p>
   </div>
  </div>
 </body>
</html>
