3300 5474
284 1733 440 1785 Mancinelli
456 1731 648 1800 praefationem
666 1749 742 1784 suam
760 1719 788 1784 in
807 1734 944 1786 Iuvenalis
964 1735 1074 1787 saturici
1094 1738 1189 1803 poetae
1206 1736 1410 1787 commentarios

251 1850 289 1899 sic
312 1848 419 1915 incipit:
446 1847 576 1913 „Edidere
599 1849 730 1900 hactenus
749 1850 984 1901 commentationes
1002 1850 1030 1899 in
1050 1849 1206 1900 Iuvenalem
1226 1850 1334 1916 praesul
1354 1849 1412 1916 dig-

251 1963 359 2014 nissime
380 1964 430 2014 viri
455 1964 599 2015 clarissimi·
621 1967 761 2030 quattuor:
790 1965 918 2030 Sabinus,
945 1965 1116 2030 Oalderinus,
1141 1965 1260 2031 Merula,
1280 1965 1413 2033 Georgius

253 2079 339 2130 Valla.
373 2079 489 2139 Quintus
512 2081 596 2146 igitur
620 2081 678 2147 ipse
701 2079 826 2132 accedam
836 2119 914 2131 .....
944 2081 1002 2147 Ego
1027 2096 1090 2131 vero
1116 2082 1280 2147 (quanquam
1306 2081 1414 2132 minime

250 2195 376 2245 vitiosum
399 2198 454 2259 est,
483 2195 505 2245 si
530 2195 594 2261 quid
618 2195 646 2246 in
671 2211 700 2247 re
724 2195 830 2248 infinita
854 2195 986 2261 omiseris)
1014 2196 1083 2246 nihil
1108 2195 1163 2246 lere
1181 2196 1326 2261 intactum,
1345 2196 1413 2246 nihil

249 2311 421 2378 implicitum,
440 2309 569 2362 nodosum
586 2312 653 2362 nihil
673 2313 782 2379 reliqui:
807 2312 845 2363 ita
864 2311 998 2375 subiecta,
1018 2311 1160 2378 explicita,
1181 2312 1295 2363 enodata
1313 2312 1413 2379 passim

251 2429 313 2476 sunt
337 2426 401 2476 mihi
422 2427 517 2478 omnia,
543 2427 673 2478 Poterunt
697 2442 762 2494 ergo
780 2427 886 2478 iamiam
905 2427 1057 2493 quicunque
1076 2426 1212 2478 Iuvenalis
1232 2428 1328 2478 satiras
1349 2426 1411 2478 ado-

250 2541 412 2592 lescentibus
430 2541 555 2594 facillime
573 2543 752 2610 interpretari.
773 2542 833 2593 Non
843 2542 913 2593 enim
923 2542 1069 2592 carminum
1079 2557 1188 2606 sensus,
1203 2558 1258 2592 non
1268 2541 1412 2593 dictionum

250 2655 327 2720 ordo,
354 2671 408 2706 non
436 2657 516 2707 etiam
545 2660 684 2708 auctorum
711 2657 865 2708 testimonia
879 2657 958 2708 'locis
987 2657 1043 2708 suis
1068 2657 1260 2707 desiderantur.
1297 2656 1413 2706 Textum

250 2787 356 2837 quoque
379 2772 535 2823 mendosum
556 2773 631 2839 prius
649 2771 892 2824 emendatissimum
910 2773 1009 2824 habent
1028 2775 1055 2822 et
1074 2773 1182 2839 punctis
1202 2772 1258 2822 suis
1276 2774 1412 2835 notatum3

249 2886 276 2936 id
293 2902 408 2953 namque
426 2888 594 2955 potissimum
613 2886 690 2939 debet
709 2903 769 2939 esse
787 2888 955 2954 interpreti.”

285 3002 360 3062 Quae
379 3003 461 3069 igitur
479 3002 589 3054 vixdum
606 3003 708 3054 renatis
726 3004 823 3055 litteris
842 3004 1034 3055 Mancinellum
1050 3003 1227 3055 confidentius
1237 3003 1413 3071 spopondisse

249 3117 445 3183 intellegimus,
460 3133 492 3169 ea
503 3118 701 3182 Brittannicus,
717 3118 859 3183 Pithoeus,
876 3118 1026 3185 Rigaltius,
1043 3118 1200 3185 Gangraeus
1214 3121 1241 3169 et
1251 3119 1412 3170 recentiores

250 3233 401 3299 Rupertus‚
433 3233 555 3298 Weberi,
583 3233 770 3298 Heinriohius,
798 3232 963 3300 Madvigius,
992 3233 1176 3299 Hermannus,
1208 3234 1338 3298 Jahnius,
1366 3233 1411 3284 alii

250 3349 321 3399 haud
345 3350 423 3415 pauci
448 3365 497 3417 pro
524 3349 594 3400 virili
619 3353 695 3417 parte
714 3353 850 3417 praestare
869 3348 1044 3413 studuerunt,
1072 3348 1182 3400 eandem
1201 3350 1243 3400 vel
1258 3365 1353 3416 parum
1371 3347 1411 3397 di·

249 3479 353 3515 versam
370 3464 564 3531 interpretandi
582 3468 608 3515 et
627 3464 783 3516 emendandi
801 3465 932 3516 rationem
950 3465 1043 3516 secuti.

285 3581 355 3632 Ecce
378 3583 467 3631 autem
485 3583 547 3631 ante
564 3581 614 3631 hos
633 3578 834 3647 quatuordecim
852 3596 936 3632 annos
955 3579 1060 3631 exstitit
1079 3579 1120 3631 vir
1141 3578 1324 3644 doctissimus,
1345 3578 1410 3629 Rib-

249 3684 373 3746 beokium
396 3695 471 3760 dico,
500 3695 546 3761 qui
569 3695 635 3746 trita
658 3695 753 3746 semita
777 3698 868 3762 spreta
892 3698 919 3746 et
944 3695 1040 3747 relicta
1065 3711 1148 3747 novas
1167 3696 1288 3746 tramites
1308 3694 1411 3761 aperire

249 3809 402 3860 destinaret.
428 3810 594 3861 Ribbeokius
621 3810 718 3876 igitur,
746 3810 813 3861 mira
840 3810 942 3877 ingenii
967 3810 1118 3862 subtilitate
1140 3810 1260 3875 adiutus,
1288 3810 1410 3877 plurimis

249 3926 314 3976 locis
339 3924 523 3976 difficultatem
547 3924 664 3991 aliquam
688 3925 777 3976 inesse
797 3927 843 3976 aut
868 3924 956 3976 labem
974 3924 1175 3990 animadvertit3
1195 3923 1330 3976 sedidem
1348 3942 1410 3976 mox

249 4041 330 4092 nimia
349 4040 463 4107 quadam
487 4039 633 4106 sagacitate
656 4040 729 4091 ultra
747 4039 813 4091 fines
833 4039 974 4107 divagatus
992 4039 1083 4092 infima
1110 4040 1219 4092 summis
1237 4040 1358 4106 miscuit,
1383 4041 1410 4091 in

249 4172 278 4207 re
296 4156 389 4208 critica
406 4159 510 4220 autem,
537 4155 630 4206 subtili
648 4155 696 4206 illo
714 4155 911 4222 philologorum
930 4156 1035 4224 scalpro
1054 4157 1172 4222 abiecto,
1196 4156 1296 4208 maiora
1313 4173 1409 4222 ausus,

248 4272 282 4323 ad
306 4272 464 4323 atrociorem
488 4270 645 4322 medicinam
670 4286 698 4321 se
723 4271 862 4322 transtulit
889 4274 1022 4351 „structor
1042 4272 1213 4324 chironomon
1231 4272 1332 4324 volanti
1352 4271 1409 4324 cul·

248 4388 331 4439 tello”
361 4390 467 4454 poetam
495 4388 631 4453 „secans”,
659 4387 702 4438 vel
731 4387 820 4455 potius
848 4389 960 4440 vulnera
986 4405 1055 4455 quae
1081 4388 1283 4441 immedicabilia
1301 4388 1411 4470 duceret¹

249 4499 312 4554 ense
336 4503 463 4555 fulmineo
482 4502 617 4567 recidens,
642 4506 670 4554 at
681 4542 687 4553 .
699 4542 705 4553 .
717 4541 741 4554 ..
767 4503 883 4555 sinceras
903 4503 982 4555 simul
1001 4507 1091 4571 partes
1109 4503 1181 4555 haud
1199 4519 1259 4555 raro
1277 4504 1408 4555 auferens.
1440 4566 1443 4571 Ι

284 4620 350 4670 Mihi
374 4620 507 4686 specimen
534 4619 695 4670 litterarium
714 4619 840 4671 scribenti
858 4623 953 4670 neuter
970 4635 1062 4686 presso
1080 4619 1166 4686 gradu
1183 4619 1333 4685 sequendus
1351 4634 1410 4670 esse
