3300 5474
802 416 841 473 54

241 602 336 676 elata
360 609 456 691 sunt,
485 601 602 676 effeoit
627 613 668 676 ut
693 601 821 697 oopula
846 602 976 676 omissa
1000 602 1059 675 sit.
1086 599 1143 676 Of.
1171 599 1245 675 Sat.
1272 601 1400 677 1156:

243 742 360 842 „(vos)
408 742 586 839 Penelope
635 743 781 834 melius,
821 744 938 817 levius
975 744 1151 840 torquetis
1189 743 1399 837 Arachne”;

242 885 354 960 V4l:
384 884 470 979 „qui
495 893 656 959 numeret
681 908 857 980 gemmas,
883 908 1024 980 ungues
1049 887 1212 961 observet
1237 886 1399 981 aeutos'';

242 1036 279 1101 et
308 1026 364 1100 VI
400 1030 480 1100 117.

691 1230 752 1290 VS.
778 1233 944 1289 224-230.

314 1471 472 1566 Imperat
496 1493 582 1564 ergo
609 1471 704 1562 vir03
732 1470 794 1543 sed
820 1493 902 1543 mox
927 1470 1016 1544 haee
1041 1491 1152 1564 regna
1177 1471 1347 1566 relinquit

314 1597 562 1710 permutatque
587 1613 708 1686 domos
733 1621 768 1686 et
794 1612 958 1685 flammea
982 1613 1149 1704 oonter·it;
1176 1611 1259 1686 inde

312 1759 432 1832 avolat
457 1765 493 1830 et
517 1757 628 1852 spreti
654 1757 783 1852 repetit
810 1757 963 1850 vestigia
988 1757 1081 1830 leeti.

313 1907 457 1973 ornatas
481 1901 588 1996 paulo
613 1908 695 1972 ante
720 1901 832 1987 fores,
859 1897 1050 1993 pendentia
1075 1898 1206 1993 linquit

314 2044 395 2115 vela
422 2041 547 2116 domus
573 2049 608 2115 et
636 2041 754 2115 adhue
781 2041 912 2114 virides
935 2041 976 2113 'in
1000 2041 1123 2113 limine
1148 2064 1274 2116 ramos.

313 2184 366 2258 sio
391 2185 518 2258 erescit
543 2207 731 2276 numerus,
758 2185 810 2258 sie
834 2184 926 2257 fiunt
952 2191 1031 2258 oeto
1055 2184 1175 2257 mariti

313 2327 473 2422 quinque
498 2351 561 2423 per
585 2337 793 2419 autumnae,
821 2328 927 2401 titulo
947 2350 1010 2401 res
1034 2327 1145 2422 digna
1170 2329 1342 2425 sepulcro.

288 2582 400 2673 Poeta
437 2592 625 2680 postquam
662 2585 701 2658 in
738 2584 1032 2679 praecedentibus
1070 2584 1234 2658 invectus
1271 2593 1325 2658 est
1361 2585 1400 2657 in

240 2750 386 2802 uxorem
420 2728 664 2823 imperiosam,
701 2752 722 2801 a
757 2750 862 2801 versu
896 2730 967 2801 224
999 2728 1052 2802 sio
1085 2749 1231 2801 narrare
1262 2727 1398 2823 pergit:

242 2871 352 2964 „haee
381 2894 473 2945 uxor
498 2878 617 2944 tamen
642 2894 723 2944 mox
750 2870 839 2945 haee
862 2892 974 2964 regna
1002 2868 1079 2967 (ubi
1093 2879 1262 2965 tanquam
1275 2870 1401 2964 regina

238 3012 367 3086 marito
392 3012 673 3111 imperitaverat)
689 3013 879 3108 relinquit,
894 3013 1015 3087 domos
1028 3021 1223 3109 permutat,
1238 3013 1401 3087 flammea

204 3172 206 3176 ⁴
239 3155 407 3247 conterit3
443 3164 522 3251 post
557 3156 686 3251 repetit
721 3155 876 3250 vestigia
902 3156 1012 3250 spreti
1036 3146 1130 3229 leoti.
1169 3155 1269 3250 Ergo
1294 3155 1400 3229 rediit

127 3282 129 3287 ¹
239 3296 285 3370 ad
309 3297 462 3392 primum
488 3298 664 3371 maritum.
694 3297 800 3371 Nune
825 3304 944 3370 autem
971 3298 1010 3370 hi
1035 3319 1160 3372 versus
1180 3306 1398 3393 sequuntur:

241 3447 407 3534 „ornatas
439 3440 547 3534 paulo
580 3446 663 3512 ante
696 3440 790 3512 fores
823 3482 861 3493 ··-
888 3405 1039 3529 ramos’,
1076 3462 1166 3534 quos
1191 3439 1400 3515 difficultate

44 3595 47 3600 “
136 3627 138 3630 >
238 3565 392 3675 quadam
417 3581 531 3675 premi
556 3582 627 3653 iam
654 3579 744 3653 vidit
771 3579 1022 3672 Heinriehius,
1052 3581 1226 3655 adnotans
1251 3604 1311 3655 eos
1327 3605 1399 3655 non

239 3730 334 3796 reete
360 3745 440 3796 oum
464 3722 709 3817 superioribus
733 3721 931 3796 cohaerere.
969 3720 1091 3796 Sermo
1116 3730 1169 3797 est
1194 3722 1239 3797 de
1264 3723 1400 3818 nuptiis

109 3846 112 3852 ‘
239 3865 346 3960 paulo
372 3872 454 3937 ante
480 3864 679 3937 celebratis.
708 3862 801 3937 Cum
827 3863 923 3958 quo?
950 3862 1042 3939 Oum
1068 3865 1181 3961 primo
1203 3865 1332 3939 marito
1353 3889 1400 3938 an

99 4079 102 4084 ,
239 4028 320 4080 eum
353 4005 424 4079 alio
459 4005 564 4079 viro?
602 4003 642 4080 Si
675 4028 756 4080 eum
782 4005 896 4100 primo
921 4006 1067 4099 marito,
1106 4007 1331 4102 prioribusne
1356 4007 1399 4081 de

239 4148 375 4245 nuptiis
400 4171 447 4221 an
472 4147 516 4221 de
540 4147 663 4221 alteris
675 4169 790 4221 sermo
803 4146 884 4220 est?
911 4145 1080 4243 Sequitur
1091 4157 1132 4223 ut
1144 4149 1400 4245 interpretibus

239 4299 312 4365 tres
344 4298 489 4386 pateant
523 4291 613 4364 viae.
653 4289 730 4363 Alii
762 4290 918 4384 iungunt
943 4314 995 4365 νε.
1023 4294 1214 4368 227-228
1240 4318 1321 4370 eum
1346 4318 1398 4369 νε.

240 4434 329 4523 225,
364 4454 494 4527 eosque
525 4439 653 4528 putant
679 4432 854 4527 respicere
879 4432 925 4506 ad
949 4433 1095 4528 nuptias
1119 4458 1200 4510 eum
1225 4436 1296 4510 alio
1321 4436 1399 4511 viro

240 4575 455 4667 celebratam
496 4573 560 4646 alii
599 4596 680 4648 eum
718 4598 769 4647 vs.
807 4575 879 4648 224
913 4574 1111 4668 eogitautes
1144 4577 1188 4650 de
1221 4578 1399 4673 prioribus
