3300 5474
811 430 850 489 29

246 617 341 713 quod
380 625 434 692 est
470 616 623 713 „nunc'’,
658 618 711 690 ita
744 618 817 690 alia
850 624 934 690 sunt
959 624 995 690 et
1020 616 1165 711 gravia,
1193 637 1286 710 qnae
1312 615 1413 688 vehe-

246 769 384 836 menter
409 762 561 835 obstent.
589 759 684 833 Nam
709 766 787 834 tum
808 759 981 833 habemus
1007 759 1221 832 sententiam
1235 759 1281 832 ab
1296 757 1415 831 indole

246 903 355 977 huius
380 903 491 977 totius
515 912 660 976 saturae
686 924 832 997 prorsus
853 902 1017 974 alienam.
1045 900 1158 974 Poeta
1171 901 1267 973 enim
1280 900 1414 994 ubique

244 1045 313 1119 hoc
336 1045 415 1140 agit
439 1054 480 1120 ut
505 1044 723 1118 demonstret
750 1053 940 1140 patronum
968 1044 1059 1117 nihil
1086 1066 1214 1118 curare
1227 1044 1412 1134 clientem,

245 1195 370 1263 contra
402 1186 628 1261 contumeliis
662 1188 822 1261 obruere.
864 1186 936 1260 Hic
968 1196 1086 1260 antem
1121 1186 1217 1261 dicat
1251 1207 1333 1259 eum
1367 1185 1413 1260 ad

244 1333 411 1407 clientem
449 1333 502 1408 ire
539 1332 585 1406 ad
624 1354 766 1423 cenam,
803 1333 1006 1426 liberosque
1039 1332 1117 1406 eius
1155 1342 1228 1405 tam
1266 1331 1413 1405 comiter

244 1476 406 1572 accipere
432 1484 467 1549 et
495 1476 721 1550 munusculis
746 1474 905 1550 donare?
931 1474 1044 1549 Nullo
1070 1473 1183 1549 modo.

294 1616 376 1708 Quo
421 1617 501 1692 iure
536 1627 657 1692 autem
702 1617 927 1692 Ribbeckins
940 1615 966 1714 ¹)
1007 1615 1198 1691 contendat
1235 1637 1412 1689 summum

244 1759 386 1856 patroni
411 1767 652 1857 contemptum
679 1761 716 1833 in
743 1783 784 1835 eo
811 1762 909 1834 cerni
935 1760 1030 1854 quod
1059 1759 1200 1855 loquaci
1226 1757 1311 1831 nido
1336 1757 1414 1852 ipse

243 1901 442 1977 delectetur
467 1926 523 1977 me
549 1904 687 1977 nescire
712 1905 836 1978 fateor.

293 2044 422 2119 Altera
466 2046 658 2142 explicatio
702 2055 756 2120 est
793 2069 853 2138 ea,
892 2067 985 2141 quae
1015 2045 1114 2118 iubet
1151 2043 1325 2141 Mygalen
1360 2042 1412 2114 in-

243 2188 368 2283 tellegi
416 2188 461 2262 de
507 2210 621 2262 uxore
666 2188 792 2262 Trebii
839 2189 981 2262 clientis
1028 2188 1147 2261 subito
1184 2186 1410 2281 locupletati,

243 2341 284 2405 ut
318 2332 403 2405 fecit
439 2331 490 2405 Io.
530 2332 778 2405 Brittannicus
789 2332 818 2417 2)
858 2332 922 2426 qui
960 2331 1048 2404 haec
1085 2329 1290 2402 annotavit:
1328 2327 1412 2421 „sed

244 2474 410 2568 quamvis
456 2495 549 2547 uxor
594 2484 658 2547 tna
703 2474 820 2569 pariat
866 2494 979 2563 nunc,
1028 2472 1166 2546 scilicet
1213 2494 1323 2566 quum
1361 2472 1412 2544 sis

246 2618 502 2713 locupletatus,
554 2640 625 2690 non
667 2625 704 2689 te
738 2617 881 2712 penitus
914 2615 1165 2710 aspernabitur
1198 2613 1260 2687 sed
1294 2622 1411 2687 tecum

242 2781 315 2833 una
346 2758 520 2853 gaudebit
554 2760 627 2833 tuis
656 2759 798 2847 liberta,
834 2758 1048 2831 munuscula
1081 2757 1220 2831 iubebit
1255 2755 1409 2829 afferri.'’

243 2900 346 2975 Haeo
393 2902 586 2997 explicatio
635 2901 740 2974 valde
779 2901 946 2994 infringit
986 2901 1059 2973 vim
1092 2924 1144 2975 vs.
1183 2903 1251 2973 136
1286 2909 1322 2972 et
1359 2921 1410 2972 se-

240 3046 437 3140 quentium.
474 3043 555 3118 Hoc
580 3045 674 3117 enim
700 3044 891 3118 habemus:
919 3044 1055 3118 nummi
1080 3050 1165 3116 sunt
1190 3066 1279 3139 quos
1304 3043 1409 3132 colit,

239 3209 330 3282 quos
368 3194 472 3260 vocat
504 3188 648 3279 fratres3
683 3195 719 3260 te
753 3210 824 3261 non
857 3187 1003 3282 respicit
1035 3186 1097 3260 sed
1133 3186 1235 3260 bonis
1260 3186 1333 3259 tuis
1358 3185 1410 3257 in-

239 3330 334 3423 hiat3
371 3330 566 3404 amicitiam
602 3338 701 3403 tuam
736 3354 806 3405 non
841 3338 958 3426 optat,
992 3329 1227 3403 hereditatem
1253 3329 1408 3424 expetit3

239 3493 347 3566 quam
384 3494 481 3568 spem
519 3472 551 3545 si
585 3472 716 3568 eripies
755 3516 801 3526 —
840 3481 959 3546 tamen
997 3479 1034 3546 te
1072 3471 1210 3565 diliget.
1258 3471 1411 3566 Insuper

239 3614 489 3688 sermocinatio
522 3613 644 3687 eodem
679 3614 833 3687 rediret:
871 3614 902 3687 si
927 3614 1009 3708 quis
1034 3613 1122 3687 deus
1147 3613 1411 3707 quadringenta

239 3756 307 3830 tibi
341 3756 509 3846 donaret,
540 3765 699 3850 quantus
733 3756 900 3831 Virronis
930 3757 1067 3830 amicus
1091 3756 1214 3830 fieres!
1241 3779 1349 3853 quam
1374 3765 1410 3829 te

239 3898 389 3990 coleret,
421 3898 489 3973 tibi
510 3898 753 3972 blandiretur:
781 3898 828 3971 da
849 3897 1002 3990 Trebio,
1035 3921 1127 3993 pone
1147 3898 1193 3972 ad
1214 3899 1407 3974 Trebium!

240 4037 280 4113 Si
321 4048 442 4114 autem
485 4041 595 4115 orbus
636 4063 751 4133 esses,
791 4039 956 4114 dominus
994 4048 1029 4112 et
1067 4039 1202 4114 domini
1239 4040 1409 4114 evaderes

239 4182 321 4255 rex!
361 4180 401 4256 Si
435 4204 507 4255 non
540 4204 635 4257 esses
670 4226 717 4236 -
752 4188 871 4256 tamen
897 4190 932 4254 te
966 4184 1099 4256 coleret
1137 4192 1172 4257 et
1198 4184 1407 4279 respiceret,

282 4511 388 4588 ι)1.1.
413 4531 482 4592 pag.
504 4515 572 4572 126.

279 4617 304 4696 ²)
323 4618 389 4678 Inv.
413 4619 473 4678 Sat.
498 4620 691 4715 Henninii
714 4642 782 4701 pag.
806 4625 873 4683 504.
