3300 5474
816 447 850 504 lo

245 633 283 706 X
309 657 361 708 vs.
386 637 472 727 46),
499 633 681 729 equidem,
707 634 801 709 sicut
825 634 897 707 iam
921 632 1004 723 alii,
1027 639 1114 728 puto
1135 633 1236 707 nullo
1249 635 1353 708 modo
1369 656 1413 707 ea

245 777 289 852 de
315 800 353 853 re
378 777 451 854 dici
476 800 578 874 posse
605 777 771 871 „sedero”
803 785 839 851 et
863 776 1056 872 legendum
1081 798 1158 850 esse
1182 776 1266 869 „sed
1287 775 1345 849 et''
1369 785 1411 849 ut

245 920 334 995 haec
357 921 405 994 sit
429 921 624 994 sententia:
651 943 747 994 nunc
770 920 933 1016 sportula
957 927 1012 992 est
1033 918 1147 1014 primo
1160 918 1284 992 limine
1298 940 1410 1013 parva
1459 984 1462 991 .

245 1062 307 1137 sed
346 1061 607 1160 (nihilominus)
647 1062 819 1158 rapienda
857 1059 966 1159 (quac
1004 1059 1178 1158 rapietur)
1220 1084 1242 1134 a
1278 1052 1411 1156 magna

244 1205 353 1279 ctiam
377 1205 559 1278 hominum
585 1212 788 1301 togatorum
813 1204 1053 1277 multitudiue.
1092 1201 1297 1297 Indignitas
1323 1202 1409 1275 inde

243 1347 375 1438 oritur,
414 1347 510 1441 quod
541 1348 704 1442 sportula
735 1347 869 1440 exigua
902 1354 955 1419 est
990 1355 1025 1418 ct
1059 1353 1180 1419 tantus
1215 1345 1424 1420 hominum

245 1510 415 1563 numerus
439 1511 518 1563 eam
543 1497 727 1585 appetunt.

687 1835 748 1896 VS.
773 1836 830 1894 115
853 1840 885 1894 et
906 1837 970 1894 116.

349 2077 403 2152 Ut
428 2077 559 2152 colitur
584 2076 662 2150 Pax
686 2085 795 2172 atque
820 2076 948 2168 Fides,
975 2076 1155 2168 Victoria,
1186 2075 1313 2151 Virtus

349 2218 524 2314 Quaeque
547 2219 703 2292 salutato
728 2219 878 2324 crepitat
905 2216 1105 2292 Concordia
1129 2218 1224 2292 nido.

291 2503 422 2578 Nescio
446 2527 492 2577 an
517 2504 555 2577 hi
578 2527 702 2578 versus
722 2504 874 2578 eiciendi
896 2504 977 2578 sint.
1019 2504 1100 2577 Non
1123 2504 1269 2578 videtur
1292 2506 1406 2578 menti

242 2668 439 2742 congruere
473 2655 598 2743 poetae
632 2647 678 2720 ad
713 2670 769 2721 res
804 2647 1059 2720 describendas
1081 2647 1286 2739 festinanti,
1314 2669 1409 2741 quae

213 2791 524 2885 indignationem
562 2799 745 2880 moveant,
785 2812 827 2862 ca
860 2788 990 2862 addere
1028 2812 1120 2884 quae
1160 2790 1409 2885 unusquisque

240 2933 376 3007 Romae
401 2941 504 3006 norat
525 2941 634 3027 atque
660 2933 815 3006 videbat.

288 3076 411 3150 Verba
434 3099 527 3171 quae
551 3084 635 3154 sunt
662 3083 726 3169 „ut
750 3074 901 3149 colitur'’
924 3076 1070 3171 sapiunt
1090 3077 1405 3172 interpolatorem,

238 3221 302 3315 qui
334 3228 539 3316 exoptatam
571 3218 725 3314 arripuit
757 3220 978 3293 occasionem
1002 3218 1188 3292 scientiam
1214 3241 1315 3293 suam
1342 3241 1404 3292 ex-

237 3361 383 3436 hibendi
408 3385 517 3456 quam
541 3384 586 3435 cx
612 3358 688 3435 Oic.
717 3360 800 3434 Nat.
830 3360 939 3434 Deor.
966 3360 1007 3433 ΙΙ
1034 3365 1077 3434 61
1108 3361 1283 3434 hauserit.

286 3502 436 3578 Accedit
457 3504 553 3598 quod
574 3504 778 3579 coniunctio
804 3525 897 3598 quae
922 3513 975 3577 est
1003 3503 1156 3598 „atquc”
1183 3504 1264 3577 iure
1288 3513 1408 3577 movet

238 3647 476 3743 suspiciones,
512 3648 599 3741 quia
632 3647 839 3741 ceteroquin
874 3655 978 3742 poeta
1003 3647 1166 3740 singulas
1193 3668 1298 3720 voces
1322 3668 1407 3719 enu-

239 3812 379 3863 merans
404 3790 497 3862 inter
522 3811 643 3863 omnes
669 3789 953 3862 coniunctionem
979 3789 1078 3884 ponit
1107 3799 1170 3861 aut
1197 3811 1319 3862 omncs
1344 3811 1408 3884 per

238 3933 436 4029 asyndeton
474 3933 574 4005 effert
603 3929 739 4029 (confer
760 3930 937 4004 Kiaerum
951 3929 1015 4028 1)),
1044 3940 1079 4004 et
1106 3954 1322 4026 quamquam
1347 3954 1407 4004 ex-

238 4083 309 4148 stat
342 4078 442 4149 locus
481 4098 553 4168 quo
590 4074 662 4149 duo
696 4075 854 4148 membra
889 4075 1009 4170 priora
1033 4097 1096 4169 per
1121 4074 1406 4147 coniunctionem

237 4217 439 4311 iunguntur
467 4215 555 4313 (Sat.
582 4216 620 4288 X
647 4215 729 4314 35),
758 4224 876 4289 tamen
901 4217 953 4290 ibi
979 4217 1068 4289 haec
1090 4218 1248 4291 membra
1270 4217 1406 4290 arctius

237 4381 345 4454 quam
378 4360 519 4453 reliqua
551 4360 644 4433 inter
677 4383 716 4433 se
748 4360 939 4433 cohaerent
974 4361 1070 4454 quod
1094 4360 1189 4434 idem
1214 4361 1258 4434 de
1284 4370 1405 4443 nostro

278 4639 301 4715 ¹)
326 4594 468 4712 Kincr,
492 4638 528 4697 de
553 4640 695 4697 Sermone
716 4640 756 4697 D.
779 4640 847 4697 Iun.
869 4640 1037 4711 Iuvenalis,
1061 4659 1127 4718 pag.
1150 4640 1188 4698 72
1211 4659 1273 4717 sqq.
