3300 5474
701 804 762 864 VS.
784 806 950 865 loo-153.

315 1034 416 1109 Haeo
440 1035 493 1109 ibi
517 1035 549 1108 si
575 1058 646 1109 non
675 1044 776 1126 sunt,
806 1036 922 1110 minor
942 1045 1061 1111 exstat
1081 1039 1299 1134 sacrilegus,
1322 1040 1386 1134 qui

316 1177 419 1251 radat
443 1178 603 1252 inaurati
628 1179 745 1252 femur
771 1177 941 1253 Heroulio
967 1188 1003 1253 et
1027 1181 1154 1254 faeiem
1180 1181 1295 1277 ipsam

316 1317 495 1414 Neptuni,
522 1321 586 1415 qui
611 1320 824 1395 bratteolam
849 1297 1068 1396 de'Oastore
1094 1323 1221 1397 ducet:

314 1485 361 1535 an
385 1461 544 1553 dubitet,
571 1463 700 1536 solitus
724 1470 839 1536 totum
864 1463 1019 1537 conflare
1043 1464 1252 1539 tonantem?

290 1717 419 1816 Mayor
435 1717 461 1817 ¹)
503 1742 626 1794 vooem
667 1719 839 1814 „solitus”
880 1722 919 1795 in
958 1722 1084 1797 mendo
1117 1724 1250 1798 oubare
1283 1732 1409 1820 putat,

241 1861 410 1956 quoniam
442 1860 522 1934 fieri
555 1884 626 1935 non
658 1862 789 1958 possit,
826 1871 867 1937 ut
892 1863 942 1954 is,
978 1865 1042 1959 qui
1066 1866 1195 1939 solitus
1220 1866 1268 1939 ait
1293 1874 1411 1940 totum
1462 1913 1466 1919 -

241 2003 395 2078 conflare
420 2012 620 2095 tonantem,
649 2014 796 2079 vocetur
823 2007 961 2100 „minor
978 2007 1210 2102 saerilegua.''
1238 2008 1411 2082 Laudans

240 2156 360 2222 autem
387 2147 575 2222 Valetium
602 2148 799 2242 „stolidus”
827 2150 1061 2223 oonioientem
1078 2151 1233 2249 sibinen
1247 2160 1411 2225 constare

241 2290 329 2363 mihi
356 2290 516 2382 videtur,
542 2291 712 2385 quoniam
737 2290 948 2383 difficultas,
963 2314 1071 2386 quam
1083 2292 1161 2366 loeo
1174 2293 1292 2367 inesse
1304 2293 1408 2384 dioit,

239 2433 309 2507 hae
332 2433 537 2507 oonieotura
561 2456 632 2506 non
657 2432 807 2506 tollitur.
840 2431 913 2523 Qui
939 2435 1034 2506 enim
1058 2459 1122 2506 ooo
1146 2435 1268 2508 dubitat
1293 2435 1411 2509 totum

240 2575 395 2650 oonflare
420 2584 620 2666 tonantem,
648 2599 718 2649 non
737 2577 853 2670 magis
866 2575 937 2650 dioi
951 2584 1067 2672 potest
1079 2576 1196 2649 minor
1208 2577 1410 2672 sacrilegus

240 2742 349 2813 quam
373 2719 438 2814 qui
463 2720 573 2792 solitos
596 2730 651 2792 est.
680 2717 853 2791 Maiorem
878 2719 1032 2792 salutem
1049 2720 1153 2793 affert
1171 2720 1408 2813 „solitumst’',

240 2863 337 2959 quod
361 2863 438 2959 ipae
463 2861 655 2957 legendum
680 2862 883 2957 proposuit,
911 2862 1014 2936 ouius
1039 2862 1128 2936 haee
1145 2870 1199 2936 est
1212 2864 1408 2937 sententia:

240 3029 287 3079 an
319 3005 477 3094 dubitet,
513 3025 595 3077 oum
628 3002 911 3095 animadvertat,
946 3004 1037 3077 alios
1062 3004 1188 3077 solitos
1214 3025 1291 3078 esee
1315 3012 1411 3079 totae

239 3157 378 3223 statuas
404 3143 585 3222 conflare?

288 3292 340 3365 At
376 3290 591 3364 oonieoturis
625 3309 696 3360 non
731 3309 821 3383 opus
853 3309 930 3361 esse
963 3287 1117 3360 videtur.
1157 3286 1280 3362 Verba
1314 3310 1408 3383 quae

239 3445 324 3512 sunt
360 3435 497 3531 ,minor
531 3431 751 3526 sacrilegus’'
787 3430 993 3525 significare
1027 3431 1161 3524 furem,
1196 3431 1260 3526 qui
1285 3430 1409 3504 eadem

240 3578 408 3675 cupidine
432 3575 496 3651 sed
521 3575 659 3648 minore
685 3574 813 3647 effeotu
839 3573 980 3646 furetur
1004 3581 1034 3670 (ὁ
1055 3587 1171 3670 σμικρὸν
1191 3579 1318 3645 κλέπτων
1330 3581 1410 3669 ἔρωτι

239 3737 290 3819 μὲν
321 3735 415 3818 ταύτῷ
446 3722 567 3814 δυνάμει
598 3720 630 3789 δὲ
661 3723 785 3790 ἐλάττονι
819 3722 966 3815 κέκλοφεν)
995 3723 1073 3790 tum
1097 3737 1142 3788 ex
1167 3737 1209 3788 eo
1235 3715 1407 3805 efficitur,

239 3864 335 3961 quod
361 3872 466 3960 poeta
490 3860 584 3936 dixit
613 3859 830 3954 „sacrilegos
856 3866 997 3932 exstare
1022 3857 1194 3948 minoreS,
1224 3858 1300 3929 hoec
1328 3856 1418 3954 (illa

239 4007 386 4104 poeula,
421 4004 532 4097 dona,
569 3999 731 4099 coronas)
766 4001 811 4073 ibi
843 4002 871 4072 ai
904 4023 967 4072 ooo
1001 3997 1108 4089 root',
1141 4006 1218 4070 tum
1251 4020 1297 4070 ex
1331 4007 1408 4073 tota

238 4147 496 4223 sententiarum
530 4144 776 4235 cohaerentia,
817 4165 910 4239 quae
948 4140 992 4215 de
1030 4138 1227 4213 levioribus
1264 4139 1407 4216 delictis

240 4276 709 4388 mmmmfflt

284 4649 306 4723 ¹)
329 4649 346 4706 l.
369 4649 386 4705 l.
410 4667 476 4726 pag.
499 4646 566 4706 274.
