3300 5474
807 427 846 486 49

246 614 293 688 ad
325 614 482 711 inopiam
506 613 689 687 redactum
714 636 808 703 esse,
845 621 880 686 et
906 637 951 686 ex
976 614 1138 708 qualibet
1164 615 1289 709 lingua
1314 615 1409 690 locu-

244 758 361 831 tiones
384 756 532 830 eandem
557 755 770 830 sententiam
795 754 929 828 eisdem
949 756 1024 827 fere
1039 756 1158 828 verbis
1170 756 1410 852 exprimentes

244 899 323 974 erui
368 897 531 997 possunt)
571 897 778 971 adhibuisse
817 896 1038 970 crediderim.
1086 894 1191 986 Quod
1229 899 1261 972 si
1298 901 1409 974 statui

244 1050 380 1139 potest,
412 1040 532 1115 omnia
556 1048 654 1114 recta
678 1047 801 1131 ernnt;
830 1047 935 1135 poeta
960 1062 1068 1113 anum
1094 1040 1341 1130 libidinosam,
1368 1051 1409 1116 ut

242 1182 387 1257 libidini
423 1181 593 1274 satisfiat,
633 1181 679 1255 ad
716 1182 877 1254 homines
914 1203 959 1253 ex
997 1183 1104 1255 turba
1142 1183 1408 1276 confugientem

243 1325 431 1416 describit,
470 1333 506 1398 et
542 1324 610 1398 hoc
646 1324 752 1398 dicit:
789 1325 930 1418 quotics
968 1325 1033 1397 illa
1065 1333 1263 1399 scortorum
1299 1329 1409 1401 verba

242 1468 529 1558 intervenerunt,
563 1465 672 1540 scorti
706 1475 824 1563 partes
859 1467 939 1561 agis
973 1477 1008 1539 et
1043 1465 1175 1540 infimis
1204 1468 1409 1543 hominibus
1538 1496 1541 1501 ·

242 1608 391 1683 uteris.’'

293 1750 414 1825 Pauca
438 1750 484 1824 ad
509 1750 574 1823 illa
598 1749 788 1824 refutanda
814 1751 975 1824 sufficere
999 1751 1086 1824 mihi
1115 1751 1292 1826 videntur.
1332 1752 1409 1826 Pri-

240 1916 340 1968 mum
371 1892 467 1988 quod
499 1892 575 1988 ipse
609 1891 768 1966 Kiaerus
800 1892 933 1966 tacitus
966 1894 1117 1985 fatetur,
1154 1895 1287 1968 locutio
1319 1897 1408 1988 „sub

240 2036 357 2110 lodice
394 2034 534 2109 relicti'
573 2058 638 2131 pro
671 2034 717 2108 iis
751 2035 836 2129 ,qui
869 2034 915 2108 ad
949 2036 1106 2131 inopiam
1141 2037 1277 2111 redacti
1300 2037 1406 2112 sunt'’

240 2178 344 2252 nullo
377 2178 520 2252 omnino
554 2179 717 2272 exemplo
751 2176 931 2265 firmatur,
966 2186 1043 2252 tum
1077 2179 1224 2251 interest
1250 2179 1407 2273 aliquid,

240 2321 385 2417 opinor,
420 2320 514 2393 inter
547 2319 708 2393 homines
741 2319 786 2392 de
815 2319 938 2392 infima
964 2320 1152 2415 plebecula
1177 2329 1213 2394 et
1239 2343 1299 2393 eos
1324 2321 1406 2415 qni,

239 2471 284 2537 ut
316 2484 411 2536 nunc
443 2461 490 2535 ad
522 2461 679 2557 inopiam
707 2460 887 2555 „redacti”
915 2469 1016 2552 sunt,
1045 2461 1097 2534 ita
1121 2461 1207 2533 olim
1232 2461 1409 2535 honestio-

240 2627 317 2678 rem
348 2604 466 2678 locum
500 2603 748 2695 obtinuerunt;
785 2625 901 2697 neque
927 2626 1010 2676 vero
1036 2605 1227 2698 quisquam
1252 2604 1318 2678 hos
1342 2605 1408 2677 tali

239 2745 345 2819 modo
390 2744 572 2838 designet,
619 2744 689 2818 nisi
733 2746 797 2839 qui
835 2753 1041 2840 praesentes
1077 2744 1200 2819 sordes
1237 2745 1408 2840 dignitati

240 2888 394 2962 amissae
426 2908 603 2983 opponere
629 2886 788 2960 studeat:
821 2886 918 2981 quod
943 2888 980 2959 in
1008 2895 1167 2961 nostrum
1194 2889 1311 2962 locum
1336 2912 1406 2962 non

239 3029 347 3123 cadit.
386 3027 457 3104 Sed
489 3038 525 3103 et
559 3029 632 3102 alia
656 3030 818 3120 obstant,
846 3052 930 3102 nam
955 3031 1192 3103 membrorum
1219 3031 1407 3104 manifesto

238 3173 334 3246 inter
370 3195 409 3245 se
442 3172 703 3268 oppositorum,
738 3194 831 3266 quae
864 3180 949 3245 sunt
984 3173 1075 3267 „sub
1109 3171 1246 3246 lodice'’
1279 3180 1315 3245 et
1348 3172 1407 3266 „in

238 3314 368 3389 turba''
405 3312 580 3408 oppositio
615 3312 721 3408 plane
755 3313 906 3387 tollitur.
933 3313 1029 3386 Tum
1059 3314 1232 3387 transitus
1259 3314 1305 3386 ab
1331 3337 1408 3388 sen·

239 3427 371 3561 tentia:
413 3478 505 3549 ,non
538 3463 593 3528 est
626 3455 686 3529 hic
719 3477 833 3528 sermo
868 3454 1042 3551 pudicus''
1073 3455 1119 3528 ad
1144 3455 1244 3528 illam
1273 3457 1408 3549 „uteris

240 3599 329 3673 viris
363 3597 517 3671 infimis”
553 3605 626 3670 tam
659 3598 834 3692 abruptus
864 3606 935 3689 est,
964 3604 1004 3670 ut
1031 3596 1122 3669 nihil
1148 3618 1258 3691 supra
1283 3598 1405 3692 possit.

240 3739 312 3816 Sed
337 3740 432 3835 quod
457 3740 602 3813 maioris
628 3739 796 3813 momenti
817 3746 888 3828 est,
916 3739 1094 3812 sententia
1117 3738 1177 3832 „in
1191 3738 1406 3834 turbaquod

238 3887 334 3961 enim
359 3908 430 3959 non
455 3884 588 3958 excitet
612 3884 747 3978 inguen
755 3882 795 3956 ?’'
824 3883 955 3957 stolida
980 3894 1034 3957 est
1055 3892 1090 3956 et
1103 3883 1268 3957 absurda.
1295 3881 1407 3956 Poeta

239 4030 334 4103 enim
358 4028 493 4103 diceret
517 4027 676 4101 vetulam
701 4027 920 4123 pauperibus
945 4027 1018 4118 uti,
1046 4026 1142 4120 quod
1167 4026 1206 4098 hi
1231 4025 1407 4122 imprimis

238 4170 464 4244 deleniantur
496 4191 586 4242 anus
607 4167 821 4241 libidinosae
846 4167 979 4240 blanda
1006 4168 1110 4241 voce!
1137 4176 1309 4261 tanquam
1335 4167 1405 4239 viri

238 4333 413 4408 pauperes
438 4318 583 4406 propter
608 4308 774 4402 delicias,
789 4316 827 4382 at
840 4332 912 4382 non
929 4309 1082 4404 pecunia
1099 4309 1284 4382 sollicitati
1298 4330 1405 4381 anum

239 4453 374 4528 adituri
399 4452 489 4526 sint!
518 4449 557 4525 si
582 4451 721 4547 aliquid
747 4450 950 4525 addendum
963 4459 1034 4544 est,
1049 4452 1174 4546 quaeri
1188 4459 1303 4547 potest
1317 4450 1405 4545 quid

238 4596 307 4669 sibi
348 4596 435 4668 velit
469 4595 559 4667 illud
600 4593 747 4688 „modo”
783 4615 862 4666 oum
899 4594 1077 4688 praesenti
1114 4595 1215 4665 verbi
1249 4602 1406 4705 tempore

1267 4714 1280 4760 7
