3300 5474
804 433 844 492 50

242 620 414 694 iunctum.
449 619 561 693 Poeta
593 620 688 693 enim
722 620 884 714 loquitur
917 619 962 693 de
996 620 1059 711 iis,
1094 641 1187 713 quae
1221 619 1344 693 vetula
1368 619 1407 692 in

242 763 421 837 cotidiano
445 785 608 835 sermone
632 762 831 855 interserit,
861 770 896 835 et
921 785 1002 835 oum
1029 762 1149 835 verbis
1177 762 1266 855 „sub
1291 759 1407 834 lodice

242 904 400 979 relictis''
439 906 462 977 i.
497 927 527 977 e.
567 888 785 999 pauperibus
825 902 1035 1002 (secundum
1068 901 1260 1001 Kiaerum)
1302 903 1406 996 iungi

241 1047 384 1142 nequit,
411 1047 681 1141 quoniamtnm
706 1053 828 1142 poeta,
848 1025 894 1119 'ut
914 1067 1053 1142 semper
1066 1046 1173 1137 alias,
1197 1051 1406 1140 usurpasset

244 1188 442 1285 „tantum”
650 1288 652 1292 p

290 1331 417 1405 Restat
453 1339 494 1404 ut
527 1338 750 1404 transeamus
783 1329 829 1403 ad
863 1331 971 1403 aliam
994 1328 1267 1424 explicationem
1291 1348 1404 1421 quae,

240 1473 272 1547 si
309 1473 397 1568 quid
434 1472 556 1563 video,
591 1475 710 1547 locum
735 1472 853 1546 reddit
879 1472 1116 1568 perspicuum.
1156 1469 1406 1583 Incipiendum

240 1624 294 1690 est
328 1618 374 1690 ab
410 1617 502 1690 illis:
541 1639 633 1709 „non
668 1624 722 1689 est
755 1616 815 1690 hio
844 1638 959 1689 sermo
992 1614 1145 1711 pudicus
1177 1614 1215 1686 in
1246 1611 1404 1685 vetula.'’

242 1757 295 1832 Ut
320 1758 408 1833 haec
433 1766 528 1832 recte
553 1757 805 1852 intellegamus
826 1757 1078 1831 revertendum
1103 1764 1157 1830 est
1182 1755 1228 1828 ad
1254 1779 1306 1828 vs.
1324 1758 1404 1828 184.

240 1900 284 1973 In
309 1923 381 1995 quo
406 1902 484 1974 loco
509 1899 695 1973 tractando
715 1898 1068 1974 iamvidimusdeeo
1081 1899 1228 1993 linguae
1241 1896 1404 1972 Graecae

240 2066 309 2118 usu
341 2064 538 2116 sermonem
573 2064 669 2134 esse,
709 2063 781 2135 quo
801 2041 840 2114 id
865 2048 1004 2114 tantum
1031 2049 1142 2135 agant
1166 2041 1338 2135 feminae,
1366 2048 1407 2113 ut

239 2187 414 2259 formosae
448 2183 639 2257 videantur
673 2183 696 2256 i.
724 2206 754 2256 e.
781 2191 823 2257 nt
846 2183 936 2256 viris
961 2185 1137 2278 placeant.
1164 2183 1297 2257 Verbis
1325 2182 1407 2275 „hio

239 2326 377 2402 sermo’'
412 2325 478 2399 tali
513 2325 616 2399 modo
651 2324 841 2420 explicatis
873 2325 994 2397 statim
1021 2325 1060 2398 iu
1086 2326 1208 2400 oculos
1233 2326 1403 2418 incurrit,

240 2491 353 2565 quare
386 2475 491 2563 poeta
520 2467 652 2540 dixerit
682 2467 779 2541 hunc
798 2490 995 2541 sermonem
1016 2468 1040 2541 i.
1067 2490 1097 2541 e.
1123 2468 1232 2542 talem
1256 2468 1406 2561 linguae

238 2634 344 2685 usum
368 2609 512 2683 omnino
536 2595 575 2683 in
601 2610 724 2683 vetula
749 2631 826 2682 esse
851 2582 1191 2704 reprehendendum.

288 2751 483 2848 Sequentia
506 2759 604 2825 recta
628 2773 705 2825 esse
729 2774 802 2825 uon
826 2759 975 2846 possunt
996 2753 1066 2826 nisi
1087 2751 1267 2826 addideris
1280 2752 1404 2846 aliqua

238 2904 274 2969 et
307 2893 513 2968 mutaveris.
547 2893 677 2966 Parvis
710 2893 970 2967 mutationibus
1004 2896 1193 2989 legendnm
1220 2901 1325 2989 puto:
1353 2891 1404 2966 At
1445 2992 1448 2998 Ι

238 3037 379 3131 quoties
402 3035 588 3110 lascivum
602 3034 808 3118 intervenit
822 3033 914 3108 illud
939 3044 998 3115 ζωή
1020 3050 1068 3104 καὶ
1092 3042 1195 3128 ψυχή,
1219 3035 1323 3109 modo
1336 3037 1403 3109 sub

238 3179 353 3253 lodice
385 3177 509 3252 relatis
544 3175 636 3275 (sive
669 3177 837 3272 graviore
869 3175 1032 3250 adhibita
1065 3174 1221 3250 medela:
1249 3176 1402 3275 emissis)

238 3320 351 3393 uteris
383 3319 422 3392 in
454 3320 572 3393 turba.
609 3317 704 3412 „At”
740 3318 940 3392 necessario
965 3316 1167 3391 addendum
1195 3340 1272 3392 esse
1296 3327 1401 3415 puto,
1509 3410 1512 3414 ι

238 3461 408 3556 qnoniam
441 3462 546 3535 aliter
579 3461 668 3536 haec
700 3461 878 3535 sententia
912 3461 1004 3533 nihil
1031 3456 1102 3532 nisi
1128 3460 1403 3556 explicationem
1509 3438 1511 3443 ’

239 3603 396 3678 continet
421 3591 726 3700 praecedentium,
754 3626 826 3698 quo
848 3602 890 3676 fit
914 3610 956 3676 nt
980 3601 1035 3694 id,
1061 3601 1157 3696 quod
1183 3609 1288 3697 poeta
1301 3624 1403 3698 supe-

238 3745 394 3820 rioribus
419 3746 611 3842 expressit,
637 3767 833 3819 sermonem
859 3743 1039 3820 Graecum
1065 3744 1207 3817 omnino
1230 3744 1267 3816 in
1281 3745 1404 3819 vetula

238 3910 316 3962 esse
340 3887 688 3984 reprehendendum,
719 3910 820 3961 suam
846 3887 920 3960 vim
946 3887 1098 3960 amittat.
1134 3885 1282 3960 Dixerit
1308 3887 1402 3960 enim

122 4093 128 4104 .
236 4029 433 4125 quispiam:
460 4030 583 4102 omitte
607 4029 722 4124 igitur
747 4029 840 4103 illud
866 4029 1059 4122 lascivum,
1089 4036 1183 4102 etex
1197 4029 1307 4101 animi
1326 4051 1403 4102 sen·

238 4172 352 4245 tentia
386 4194 499 4267 „pave
520 4172 588 4246 hoc
613 4195 775 4246 sermone
801 4181 837 4246 et
862 4171 1003 4249 effunde
1027 4171 1118 4244 iram
1144 4178 1243 4244 tuam
1269 4171 1403 4264 gaudia

239 4314 378 4388 curas.’'
393 4313 554 4388 Verbum
570 4313 749 4408 „relictis”
761 4313 800 4387 in
811 4312 978 4407 „relatis”
993 4310 1401 4410 (referrezenuntiare,

238 4457 283 4531 cf.
307 4455 417 4552 Verg.
438 4455 530 4530 Aen.
553 4455 651 4530 194:
668 4456 779 4550 „talia
792 4478 878 4529 voce
892 4453 1038 4552 refert'')
1054 4455 1265 4529 mutandum
1279 4464 1350 4548 est,
1366 4463 1402 4528 et

239 4599 416 4694 particula
452 4598 599 4693 „modo”
636 4599 742 4671 aliter
767 4597 988 4692 explicanda.
1017 4597 1075 4671 Ita
1100 4598 1242 4671 demum
1268 4597 1402 4692 optima
