3300 5474
857 441 896 498 82

294 629 378 703 fatis
415 630 659 725 sepulcrorum
696 638 737 703 ut
774 627 969 702 seeundum
1003 636 1143 723 poetam
1177 650 1290 721 aeque
1323 651 1365 702 00
1387 628 1464 702 ‘illa

293 780 486 844 transeant.
522 771 741 845 Lueulenter
773 771 810 843 id
840 779 938 866 patet
963 794 1009 843 ex
1030 793 1089 860 ee,
1117 771 1213 866 quod
1245 769 1460 845 Hannibalis

294 915 422 986 summi
457 914 526 986 viri
551 914 627 986 fata
664 914 817 1008 exempli
856 914 974 1006 gratia
1012 915 1121 986 refert
1153 914 1191 985 in
1227 914 1462 1007 sequentibus

295 1056 475 1146 versibus,
522 1064 558 1129 et
604 1056 780 1129 exclamat
828 1078 879 1128 vs.
920 1058 1008 1129 159:
1050 1078 1092 1150 „0
1125 1055 1262 1149 gloria!
1303 1055 1462 1130 vincitur

294 1198 411 1273 idem''
437 1221 512 1294 eqs.

343 1341 463 1417 Locus
487 1341 539 1414 ita
563 1339 764 1436 explicatus
790 1340 877 1413 mihi
904 1340 1047 1415 videtur
1069 1343 1181 1415 multo
1202 1363 1280 1414 esse
1293 1343 1463 1433 gravier,

261 1489 264 1493 ’
294 1486 480 1578 multoque
505 1484 622 1578 magis
647 1483 759 1556 totius
783 1492 927 1556 saturae
948 1485 1058 1558 celeri
1075 1485 1288 1580 respondere
1301 1494 1337 1559 et
1351 1487 1463 1559 menti

294 1635 420 1722 poetae
445 1627 638 1701 stoicorum
663 1625 827 1699 doctrina
851 1626 1021 1700 imbutae.

343 1768 403 1842 Ex
436 1769 482 1842 iis
514 1790 608 1863 quae
640 1767 718 1841 dixi
740 1768 841 1846 ¹satis
874 1791 930 1841 me
962 1769 1081 1842 iudice
1112 1779 1261 1866 apparet
1287 1794 1358 1844 non
1385 1794 1464 1846 esse

294 1912 391 2007 quod
419 1934 562 1985 versum
590 1915 658 1984 146
684 1911 793 1985 eieias
818 1935 898 1985 eum
922 1910 1145 1987 Heinriuhio.

750 2249 811 2309 Vs,
833 2248 1001 2310 185-187.

401 2478 472 2554 Sed
495 2481 615 2576 qualis
638 2480 772 2554 rediit?
797 2503 924 2576 nempe
949 2504 1024 2556 una
1050 2505 1160 2573 nave,
1188 2486 1348 2560 eruentis

399 2623 569 2699 fluetibus
592 2647 637 2699 00
662 2624 766 2697 tarda
791 2647 854 2720 per
879 2624 991 2698 densa
1016 2624 1192 2699 cadavera
1217 2650 1333 2723 prora.

401 2769 467 2842 has
491 2768 623 2841 totiens
648 2775 771 2864 optata
796 2769 918 2863 exegit
943 2769 1061 2863 gloria
1086 2792 1228 2865 peenas.

321 3052 402 3127 -Au
438 3075 481 3127 ea
517 3076 611 3149 quae
650 3052 882 3127 Weidnerum
900 3053 926 3151 ¹)
976 3055 1196 3151 impulerunt
1234 3057 1280 3130 ad
1320 3082 1462 3134 versum

293 3206 510 3294 postremum
542 3195 733 3270 delendum
767 3197 925 3288 aceedit,
961 3198 1056 3292 quod
1093 3199 1321 3274 vehementer
1353 3204 1463 3298 friget

293 3350 372 3438 post
398 3341 676 3437 puleherrimum
703 3354 845 3414 versum
867 3341 1136 3436 praeeedentem
1151 3353 1186 3417 et
1199 3345 1264 3439 qui
1277 3346 1462 3441 periodum

293 3484 437 3558 claudat
471 3483 704 3578 aptissimum.
757 3482 1014 3557 Verumtamen
1061 3485 1176 3560 eieere
1218 3510 1361 3561 versum
1389 3511 1462 3563 non

293 3626 419 3700 ausim.
458 3624 552 3699 Nam
586 3625 624 3697 in
658 3625 726 3699 hae
758 3634 899 3717 satura,
936 3648 1045 3721 quam
1080 3651 1150 3701 nun
1184 3627 1307 3701 eudem
1333 3632 1462 3706 mentis

293 3769 418 3862 vigore
454 3789 526 3862 quo
560 3766 761 3862 superiores
794 3769 963 3864 scriptam
998 3793 1074 3843 esse
1111 3764 1385 3845 eoncedendum
1408 3782 1462 3847 est

294 3908 515 3998 Ribbeckn,
554 3918 661 4004 poeta
697 3910 788 3982 tales
827 3910 1075 3985 meditationes
1114 3913 1262 3986 iteratas
1297 3916 1461 3990 versibus

293 4052 505 4125 interserere
538 4059 644 4125 amat.
685 4048 901 4124 Conferendi
934 4061 1019 4126 sunt
1053 4077 1104 4127 vs.
1141 4056 1206 4147 55,
1244 4058 1332 4148 166,
1371 4058 1459 4149 172,

294 4198 383 4287 243,
411 4197 501 4286 000,
528 4197 618 4287 aas,
646 4197 737 4288 349,
766 4199 969 4287 000οΤ000.

295 4484 452 4492 ———

337 4621 360 4696 ¹)
380 4622 399 4680 l.
422 4623 443 4680 l.
465 4642 533 4700 pag.
556 4626 622 4682 231.
