3300 5474
807 414 847 473 18

291 603 526 678 Heinriohius
537 611 566 701 1)
609 602 745 695 aliique
777 625 828 675 vs.
864 605 932 676 161
968 601 1020 674 ita
1052 601 1334 697 interpretantur
1367 610 1410 676 ut

241 755 403 822 statuant
431 753 515 819 ante
548 766 741 841 pronomen
765 744 957 817 relativum
983 745 1151 818 omissum
1177 766 1254 818 esse
1278 744 1410 840 geniti-

242 915 326 966 vum
352 862 644 978 demonstrativi,
671 888 734 962 sed
759 896 801 962 ut
826 895 967 961 exstent
992 888 1081 980 looi,
1119 887 1315 982 inquibus
1340 888 1411 962 hoo

241 1036 376 1109 faotum
414 1035 480 1120 sit,
519 1041 638 1106 tamen
676 1055 748 1105 non
770 1030 982 1105 crediderim
1007 1031 1045 1103 in
1070 1030 1138 1105 hoe
1163 1031 1241 1105 looo
1266 1038 1410 1126 poetam

198 1156 201 1165 ¹
241 1177 434 1251 indulsisse
467 1175 605 1271 ellipsi,
640 1197 713 1269 qua
747 1174 921 1248 sermonis
954 1174 1191 1270 perspicuitas
1218 1174 1308 1247 mire
1334 1181 1411 1248 tur-

241 1321 406 1411 baretur,
452 1319 663 1416 praesertim
708 1342 790 1393 oum
837 1326 911 1392 tam
957 1318 1030 1392 leni
1068 1318 1266 1392 mutatione
1305 1339 1412 1391 omne

240 1463 450 1558 ambiguum
474 1484 621 1558 prorsus
645 1462 772 1535 tollere
785 1460 1127 1558 possetsoribendo:
1157 1458 1273 1555 „Oum
1289 1461 1412 1534 veniet

240 1615 364 1682 eontra
397 1607 512 1700 digito
541 1628 724 1702 oompesee
752 1606 942 1680 labellum:
969 1613 1156 1681 aecusator
1176 1606 1245 1680 erit
1271 1605 1303 1679 si
1332 1627 1411 1678 ver-

240 1751 326 1825 bum
359 1749 494 1823 dixeris
527 1748 587 1823 bio
610 1749 699 1842 est'',
733 1757 774 1823 ut
799 1749 998 1824 Teuffelius
1022 1758 1118 1824 reete
1146 1750 1294 1825 monuit.
1332 1749 1410 1823 Ru-

239 1892 378 1990 pertius
402 1893 514 1966 verba
540 1891 622 1986 „hio
646 1890 721 1965 est’'
748 1891 876 1966 tribuit
900 1891 1103 1988 Tigellino,
1130 1891 1193 1966 sed
1218 1892 1409 1968 manifesto

239 2035 380 2110 fallitur
424 2034 594 2129 qnoniam
634 2057 680 2107 ex
720 2033 1016 2130 praecedentibus
1051 2034 1188 2130 „digito
1223 2058 1408 2132 oompesoe

154 2223 156 2227 ν
239 2178 433 2254 labellum''
468 2186 590 2274 aperte
624 2178 741 2252 eluoet
773 2178 839 2252 illa
872 2179 983 2252 verba
1016 2201 1093 2252 esse
1125 2179 1403 2254 interlocutoris.

238 2321 340 2397 Fieri
368 2330 488 2396 tamen
520 2329 637 2417 potest
668 2329 710 2396 ut
734 2321 951 2417 significatio
976 2322 1166 2395 verborum
1194 2329 1404 2415 ,aecusator

232 2465 329 2541 ²erit’'
352 2466 528 2539 translata
551 2465 609 2539 sit.

629 3064 1004 3169 snruslrr.

745 3346 807 3408 VS.
829 3349 895 3406 109.

378 3552 517 3626 Maesta
541 3574 607 3626 neo
630 3550 782 3626 Aetiaoa
806 3551 891 3624 feeit
916 3549 1109 3647 Cleopatra
1133 3552 1269 3625 earina.

289 3800 411 3875 Verba
442 3799 615 3895 ,Aetiaoa
640 3800 783 3875 earina'’
809 3825 881 3876 non
907 3824 988 3875 oum
1014 3799 1207 3900 Webero²)
1236 3802 1403 3877 habenda

239 3953 324 4020 sunt
360 3945 431 4019 abl.
470 3967 598 4018 oausae
631 3943 695 4019 sed
727 3945 874 4019 looativi
906 3974 952 4014 =
978 3945 1037 4039 „in
1061 3943 1213 4018 Aetiaoa
1238 3945 1403 4038 earina'',

240 4111 323 4161 nam
360 4094 465 4183 poeta
501 4085 640 4161 induoit
673 4088 818 4183 reginas
841 4095 883 4163 ut
909 4086 1089 4162 Othonem
1114 4088 1249 4162 bellum
1275 4110 1405 4183 geren-

240 4238 312 4324 tes,
351 4230 455 4325 qnia,
499 4238 540 4306 ut
573 4231 791 4328 comparatio
824 4240 920 4306 reete
952 4254 991 4304 se
1024 4231 1136 4327 possit
1174 4231 1340 4323 habere,¹
1365 4231 1411 4304 in*

283 4508 307 4587 ¹)
328 4508 477 4581 Heium,
498 4507 565 4570 Iuv.
588 4507 650 4566 Sar.
673 4507 742 4568 Vol.
764 4507 814 4581 H,
837 4527 905 4587 pag.
928 4509 976 4567 85.

282 4614 307 4694 2)
328 4614 379 4675 W.
401 4615 428 4673 Ε
460 4614 614 4686 Weber,
637 4614 696 4673 Die
717 4615 837 4673 Satiren
859 4614 912 4674 des
932 4614 1086 4673 Iuvenalis
1095 4662 1111 4703 ,Ι
1123 4635 1192 4694 pag.
1211 4616 1257 4675 17.
