3300 5474
797 450 912 510 sl·

241 641 420 715 differunt.
457 638 563 730 Quod
596 641 648 713 ita
682 639 909 735 perspicuum
935 647 1006 728 est,
1034 648 1074 712 ut
1100 639 1223 713 eadem
1250 663 1411 736 nupera

242 783 420 871 Kiaer01)
458 784 571 856 allata
609 804 686 856 esse
725 783 803 856 iure
828 783 977 855 mireris.
1014 780 1128 855 Aliud
1162 782 1257 855 enim
1290 790 1344 855 est
1378 782 1409 854 si

241 925 358 1000 dieas:
396 923 511 1020 „Vos‚
540 923 721 1020 Calliope,
749 924 965 1020 adspirate'',
994 924 1113 998 aliud:
1153 932 1233 1017 „tu,
1270 923 1409 1016 Paean,

241 1068 377 1164 depone
411 1068 582 1162 sagittas,
619 1075 768 1140 matrem
802 1066 972 1160 configite
998 1066 1147 1162 ipsam.'’
1183 1066 1284 1140 Idem
1318 1075 1411 1139 esset

241 1211 273 1285 si
305 1219 412 1307 poeta
444 1209 664 1304 scripsisset:
698 1211 874 1305 „paroite,
911 1208 1051 1301 Paean,
1086 1218 1123 1282 et
1157 1208 1324 1305 deponite
1357 1232 1411 1283 sa-

241 1351 387 1448 giltas.”

290 1492 383 1569 Oum
407 1493 568 1570 Graevio
593 1494 706 1589 igitur
731 1494 923 1567 statuimus
949 1504 1090 1591 poetam
1115 1494 1180 1567 illo
1203 1495 1411 1590 pronomine

241 1637 453 1711 nominatim
477 1659 516 1710 se
541 1638 759 1711 convertisse
785 1637 829 1709 ad
859 1636 1036 1728 Dianam,
1063 1637 1157 1710 sieut
1184 1635 1295 1731 Verg.
1318 1635 1409 1710 Aen.

241 1777 318 1852 VH
342 1782 388 1853 37
414 1780 499 1854 feeit
525 1780 588 1854 ubi
613 1778 726 1853 Erato
751 1780 967 1874 alloquitur:
1005 1788 1067 1871 „tu
1094 1786 1230 1870 vatem,
1256 1785 1297 1851 tu
1322 1779 1409 1872 dea,

242 1921 381 1995 mone.'⁷

611 2200 613 2204 .
700 2143 759 2203 VS.
784 2141 950 2203 rte-177.

314 2348 461 2422 Extulit
485 2370 572 2443 ergo
596 2371 726 2443 greges
752 2357 918 2422 natorum
943 2349 1133 2445 ipsumque
1158 2358 1359 2444 parentem,

316 2491 401 2566 dum
426 2492 497 2565 sibi
523 2492 678 2566 nobilior
704 2491 865 2565 Latonae
890 2501 998 2585 gente
1024 2491 1168 2565 videtur

314 2643 423 2730 atque
447 2633 571 2707 eadem
596 2635 714 2708 scrofa
740 2633 857 2708 Niobe
880 2634 1067 2708 fecundior
1092 2635 1185 2707 alba.

289 2854 509 2955 Seholtius²)
537 2856 800 2953 reprebendens
812 2856 1076 2948 Heinriohium‚
1091 2858 1156 2952 qui
1168 2857 1313 2952 scripsit
1325 2880 1411 2952 gen-

240 3007 312 3072 tem
345 2998 440 3072 idem
474 3021 552 3073 esse
586 2999 653 3072 hoo
686 3000 765 3073 loeo
799 3023 842 3073 ae
875 3000 1029 3096 prolem,
1064 3000 1160 3094 quod
1186 2999 1275 3074 haee
1300 3003 1412 3076 verba

239 3163 387 3237 prorsus
432 3141 616 3234 differant,
664 3142 806 3238 putavit
840 3150 979 3216 textum
1014 3166 1091 3217 esse
1130 3154 1338 3241 corruptum
1376 3154 1412 3219 et

240 3282 449 3379 legendum:
479 3284 587 3378 „dum
613 3284 683 3357 sibi
709 3285 864 3359 nobilior
888 3285 1031 3359 Latona
1043 3296 1151 3381 geute
1165 3287 1342 3380 videtur”‚
1372 3296 1411 3360 ut

240 3426 311 3500 looi
343 3427 522 3500 sententia
555 3427 644 3500 haee
677 3435 788 3500 esset:
821 3427 907 3500 dum
932 3428 1002 3502 sibi
1028 3428 1171 3502 videtur
1196 3438 1303 3524 gente
1329 3430 1353 3502 i.
1380 3453 1410 3503 e.

239 3569 380 3664 origine
404 3570 560 3643 nobilior
585 3593 694 3665 quam
718 3569 861 3643 Latona
886 3579 921 3644 et
947 3571 1134 3645 fecundior
1153 3593 1260 3666 quam
1282 3573 1380 3646 serof
1403 3630 1410 3645 .

288 3709 541 3785 Heinriohium
578 3713 710 3786 falsum
747 3734 824 3785 esse
857 3721 892 3785 et
926 3715 1034 3787 talem
1068 3736 1211 3788 sensum
1247 3715 1412 3789 versibus

238 3853 356 3927 inesse
380 3853 535 3927 libenter
560 3854 594 3927 ei
619 3854 791 3946 eoneedo,
819 3855 873 3927 ita
898 3863 1017 3928 tamen
1039 3866 1080 3929 ut
1092 3857 1298 3930 oonieetura
1310 3858 1412 3930 loeus

239 4018 312 4069 non
337 4018 442 4091 egere
468 3997 557 4070 mihi
582 3996 759 4070 videatur.
787 3995 1004 4073 Oonieetura
1030 3999 1124 4071 enim
1150 4000 1282 4073 omissa
1294 4022 1412 4073 nonne
1548 4020 1551 4024 ·

239 4139 360 4212 verbis
385 4138 507 4212 eadem
533 4140 628 4213 inest
654 4138 857 4213 sententia?
897 4139 1016 4213 Niobe
1039 4141 1109 4213 sibi
1136 4141 1291 4214 nobilior
1316 4141 1412 4215 vide

240 4286 300 4354 tur
336 4302 444 4375 quam
481 4304 570 4377 gens
611 4282 773 4356 Latonae
812 4284 834 4355 i.
862 4306 891 4355 e.
931 4305 1021 4375 gens
1053 4306 1119 4356 sua
1152 4284 1222 4357 sibi
1258 4285 1412 4358 nobilior

283 4555 308 4633 ¹)
329 4555 379 4614 De
402 4556 495 4615 Serm.
513 4557 577 4615 Iuv.
604 4577 672 4635 pag.
697 4560 762 4616 196.

283 4661 311 4743 ²)
330 4664 351 4722 l.
373 4664 393 4723 l.
416 4682 485 4742 pag.
508 4664 554 4722 52.
