3300 5474
787 795 863 857 VH,

153 991 155 994 ’
289 968 371 1056 Liv.
397 981 497 1054 XXI
523 986 556 1057 3.
585 986 627 1056 1:

142 1227 145 1233 ,
291 1152 358 1247 „In
396 1151 637 1227 Hasdrubalis
674 1152 792 1226 loeum
828 1152 926 1226 haud
960 1151 1072 1227 dubia
1105 1176 1162 1228 res
1194 1142 1283 1245 luit,
1318 1153 1407 1248 quin

240 1295 492 1389 praerogativa
525 1294 709 1387 militaris,
748 1316 821 1389 qua
846 1295 1025 1390 extemplo
1050 1296 1193 1370 iuvenis
1218 1295 1405 1370 Hannibal

240 1439 279 1512 in
324 1439 544 1535 praetorium
589 1438 731 1512 delatus
768 1438 1033 1534 imperatorque
1069 1439 1210 1534 ingenti
1248 1440 1407 1514 omnium

239 1581 393 1655 elamore
437 1589 547 1676 atque
586 1581 740 1655 adsensu
777 1580 980 1676 appellatus
1016 1589 1113 1675 erat,
1149 1582 1253 1657 favor
1290 1583 1408 1678 plebis

240 1723 490 1819 sequebatur.'’

241 1902 422 1975 commode
447 1901 521 1997 legi
546 1909 683 1998 potest:

291 2097 358 2192 „In
397 2097 637 2172 Hasdrubalis
673 2098 792 2171 loeum
824 2096 922 2170 haud
954 2097 1066 2172 dubia
1102 2121 1159 2172 res
1183 2099 1272 2192 fuit,
1299 2121 1409 2194 quem

240 2240 492 2336 praerogativa
517 2240 684 2314 militaris
710 2249 863 2330 crearet,
892 2248 927 2314 et
948 2241 1161 2314 sententiam
1183 2242 1408 2316 comitiorum

241 2383 470 2476 militarium,
498 2405 571 2478 qua
705 2390 799 2475 erat,
827 2383 930 2456 favor
955 2383 1071 2478 plebis
1096 2382 1348 2479 sequebatur.''

780 2692 874 2754 VIII.

288 2879 370 2954 Liv.
397 2878 515 2954 VIIII
541 2883 582 2974 5,
608 2885 653 2954 4:

291 3049 588 3147 „spoponderunt
640 3051 804 3126 eonsules
851 3052 965 3146 legati
1012 3060 1221 3147 quaestores
1265 3053 1403 3127 tribuni

241 3194 396 3267 militum
421 3193 519 3289 equ’

239 3365 400 3459 legatur:

290 3533 587 3632 „Spoponderunt
636 3535 800 3609 eonsules
857 3534 970 3630 legati
1016 3541 1223 3630 quaestores
1269 3533 1407 3608 tribuni

240 3685 276 3751 et
300 3678 416 3774 plebis
440 3685 476 3751 et
501 3678 658 3752 militum
680 3676 778 3773 eqs.”

768 3987 879 4050 VIHI.

290 4203 397 4278 Ovio.
423 4203 568 4278 Metam.
594 4203 655 4277 ΠΙ
682 4204 774 4278 675ε

462 4356 679 4454 „Squamam
705 4356 800 4432 eutis
823 4355 954 4431 durata
979 4354 1181 4430 trahebat.’'

240 4501 319 4574 inre
355 4499 555 4575 Merkelius
595 4498 824 4595 „squamam”
869 4498 1041 4593 mutarim
1092 4499 1212 4573 neseio
1245 4522 1291 4572 an
1324 4521 1406 4573 oum

240 4666 282 4717 eo
307 4643 498 4739 legendum
523 4644 569 4717 sit
594 4641 779 4717 sannam.'’
