3300 5474
838 439 878 499 80

274 629 470 724 attingere,
509 636 551 703 ut
583 628 698 704 dieat:
729 636 771 703 ut
796 630 892 703 mala
916 630 1085 726 eupiunt,
1112 630 1165 704 ita
1191 630 1356 705 nesciunt
1382 631 1441 704 vel

274 781 511 868 aspernantur
543 794 636 867 quae
670 773 765 846 bona
797 779 892 846 sunt.
931 769 1024 846 Oum
1058 795 1110 846 vo.
1146 773 1194 846 55
1220 795 1371 846 revera
1396 772 1440 846 de

273 915 377 989 bonis
401 922 505 1010 agat,
532 937 675 999 versus,
703 915 847 1011 opinor,
862 914 996 989 excidit
1009 914 1435 990 huiusfereoententiae:

275 1057 463 1151 „nesciunt
487 1065 607 1130 autem
634 1058 692 1130 vel
717 1057 806 1130 adeo
831 1056 1089 1152 deprecantur'’
1118 1079 1191 1152 eqo.
1275 1056 1277 1060 ’

322 1198 417 1273 Puto
451 1199 517 1273 hos
550 1221 677 1272 versuo
711 1200 768 1272 vel
793 1200 891 1273 leotu
916 1199 1135 1275 difficiliores
1159 1201 1271 1274 fuisse
1296 1202 1354 1274 vel
1380 1223 1439 1274 ne-

272 1343 454 1438 gligenter
485 1341 682 1437 descriptos
714 1363 809 1432 esse,
845 1363 959 1437 eaque
992 1344 1210 1436 retentum,
1246 1351 1287 1417 ut
1315 1366 1365 1417 vo.
1392 1345 1440 1415 54

272 1506 416 1580 quoque
448 1485 496 1559 ait
520 1475 756 1581 depravatus,
794 1485 858 1578 qui
882 1482 1131 1558 Doederleinii
1155 1484 1298 1559 demum
1323 1507 1438 1557 emen·

272 1627 417 1702 datione
441 1627 631 1701 restitutus
655 1634 720 1700 est.

748 1864 808 1925 VS.
832 1866 959 1925 90-92.

430 2081 544 2155 Visne
567 2080 719 2155 salutari
744 2078 838 2153 siout
864 2076 1042 2153 Seianus?
1069 2079 1202 2154 habere

430 2224 639 2298 tantundem
663 2229 773 2317 atque
798 2221 855 2294 illi
880 2243 1035 2296 summas
1061 2220 1194 2296 donare
1219 2223 1381 2314 cotaleo,

429 2367 534 2440 illum
559 2365 778 2441 exercitibus
803 2364 1046 2461 praeponere?
1512 2329 1515 2333 ⁵

319 2597 536 2674 Weidneruo
553 2595 579 2696 1)
628 2596 795 2670 adnotat:
846 2596 970 2690 „viane
984 2554 995 2562 .,
1008 2595 1219 2670 tantundem
1256 2596 1438 2691 potentiae

270 2742 424 2816 habere.
444 2797 500 2814 ...
527 2747 635 2834 atque
660 2745 872 2835 potestatem
892 2738 949 2811 illi
965 2747 1021 2834 (τῷ
1043 2746 1110 2833 μὲν)
1131 2760 1288 2811 summae
1304 2737 1438 2811 donare

271 2884 413 2958 curules
436 2882 542 2956 illum
570 2890 632 2977 (τὸν
654 2884 702 2977 δὲ)
725 2879 822 2976 eqo),²

319 3024 409 3099 Rem
442 3024 639 3120 simplioem
674 3024 763 3097 mire
797 3024 930 3097 turbat.
958 3020 1091 3096 Omnia
1116 3023 1210 3095 enim
1235 3021 1392 3118 pendent
1415 3045 1438 3096 a

272 3167 430 3263 „vimen
470 3168 572 3241 visne
609 3167 743 3241 habere
780 3164 1010 3259 tantundem,
1049 3166 1151 3238 visne
1188 3165 1244 3239 illi
1280 3189 1437 3241 summas
1491 3195 1499 3209 ·

270 3309 403 3385 donare
427 3311 570 3386 ourules
595 3319 661 3384 eto.

728 3549 789 3609 Vs,
812 3551 978 3610 len-146.

800 3772 960 3848 Patriam
984 3780 1102 3846 tamen
1127 3772 1249 3846 obruit
1275 3772 1361 3846 olim

374 3916 492 4011 gloria
517 3937 713 4012 paucorum
738 3922 774 3989 et
798 3915 918 3990 laudis
944 3916 1116 4010 titulique
1141 3914 1271 4011 eupido

375 4058 519 4133 haesuri
543 4058 642 4132 saxis
667 4059 827 4133 cinerum
852 4058 1081 4150 eustodibuo,
1108 4057 1154 4131 ad
1181 4080 1274 4153 quae

374 4201 600 4275 discutienda
624 4203 746 4276 valent
771 4202 905 4276 sterilis
931 4203 1026 4276 mala
1051 4202 1180 4275 robora
1204 4200 1283 4294 fiei,

374 4342 663 4440 quandoquidem
684 4343 769 4420 data
794 4351 878 4418 sunt
903 4344 992 4440 ipsis
1004 4365 1148 4439 quoqne
1160 4345 1237 4418 fata
1249 4343 1433 4440 depuleris.

287 4712 288 4715 Ἴ
311 4635 336 4718 ¹)
355 4637 374 4696 l.
396 4637 416 4695 l.
438 4656 504 4715 pag.
528 4638 594 4695 226.
