3300 5474
806 430 842 490 al

245 618 368 709 facile,
407 618 549 714 opinor,
589 617 673 692 aliis
709 617 914 713 relinquent
952 618 1072 692 omina
1109 625 1145 691 et
1182 617 1408 713 1111111111-

244 760 347 834 modo
380 760 450 834 sibi
484 760 639 834 habeant
673 761 774 834 lucra
807 767 842 833 et
868 782 935 832 res.
963 758 1120 834 Leniora
1144 758 1301 834 remedia
1326 782 1408 834 cum

243 925 409 976 successu
443 910 606 995 careant,
634 902 771 976 acriore
796 924 886 998 opus
910 925 988 976 esse
1013 902 1157 978 videtur
1182 902 1320 977 medela
1345 902 1407 977 cui

243 1053 362 1118 tamen
395 1045 566 1141 imparem
596 1067 653 1118 me
685 1067 763 1118 esse
796 1043 951 1140 ingenue
985 1046 1109 1119 fateor.
1149 1045 1407 1121 Verumtamen

241 1187 380 1282 aliquid
418 1187 616 1282 periclitari
653 1187 837 1262 sustinebo
876 1210 1010 1262 memor
1048 1189 1179 1262 nobilis
1217 1188 1318 1262 illius
1345 1186 1407 1265 „in

242 1330 382 1425 mugnis
406 1328 585 1431 voluisse’'
613 1337 649 1403 et
673 1333 818 1425 legam:

388 1576 626 1672 „Conducunt
651 1578 782 1653 foricas
806 1586 842 1651 et
862 1601 927 1652 cur
949 1601 1019 1653 non
1041 1579 1212 1653 olfaciant
1233 1579 1273 1652 hi

388 1721 514 1815 quales
538 1719 641 1813 etc.”,

242 1977 282 2043 ut
319 1969 368 2043 sit
405 1969 600 2043 sententia:
640 1969 679 2042 hi
718 1969 879 2044 homines
912 1969 989 2042 nati
1018 1970 1056 2042 in
1082 1969 1261 2061 sordibus,
1297 1968 1408 2043 sordi-

241 2111 397 2216 dissimis
435 2111 473 2184 in
511 2112 667 2206 negotiis
703 2111 831 2207 quidni
870 2111 1082 2185 versentur?
1141 2110 1279 2203 Quidni
1311 2132 1408 2184 nunc

243 2253 289 2327 ad
327 2277 466 2327 summa
502 2276 620 2328 rernm
654 2255 802 2350 fastigia
836 2253 1071 2346 adscendam,
1108 2276 1203 2328 nunc
1227 2252 1273 2326 ed
1298 2251 1408 2326 sordi-

241 2395 389 2469 dissima
434 2397 656 2488 relabantur,
705 2420 786 2472 eum
831 2398 977 2471 fortuna
1021 2396 1133 2470 iocari
1176 2402 1315 2469 tantum
1349 2417 1407 2468 vo

244 2537 378 2613 luerit?

292 2680 350 2755 De
375 2682 488 2756 verbo
511 2681 684 2775 „olfacio”
711 2683 834 2757 confer
859 2680 934 2756 Sat.
962 2680 1145 2755 1711225.

292 2822 353 2897 De
377 2825 544 2898 iunctura
572 2824 632 2918 „hi
658 2868 704 2877 -
729 2822 877 2920 quales''
904 2824 949 2898 cf.
978 2822 1052 2899 Sat.
1080 2823 1155 2898 XV
1181 2826 1239 2898 65.

716 3180 776 3242 VS.
799 3184 928 3241 90-91.

371 3386 527 3459 Miratur
552 3408 674 3459 vocem
699 3394 908 3481 angustam,
936 3408 1008 3480 qua
1032 3386 1190 3461 <leterius
1215 3409 1280 3460 nec

372 3527 434 3601 ille
461 3535 582 3619 sonat,
611 3550 682 3622 quo
710 3528 893 3603 mordetur
917 3529 1056 3624 gallina
1081 3529 1221 3603 marito.

289 3750 452 3824 Maxima
489 3749 688 3824 sententiae
725 3751 782 3825 vis
819 3751 913 3826 inest
952 3753 1032 3826 voci
1068 3750 1275 3846 „miratur''‚
1310 3751 1406 3844 quod

239 3893 367 3988 probat
401 3893 540 3988 positus
569 3893 678 3968 huius
712 3894 813 3968 verbi
848 3894 887 3967 in
912 3895 1017 3969 initio
1052 3917 1188 3969 versus.
1213 3893 1296 3968 Vox
1324 3918 1407 3988 „an-

241 4035 407 4130 gustam”
435 4044 560 4110 contra
584 4036 661 4110 sine
686 4038 763 4111 ulla
789 4038 825 4110 vi
851 4038 969 4133 posita
993 4046 1047 4112 est
1072 4037 1168 4133 quod
1193 4061 1235 4112 eo
1255 4037 1408 4112 efficitur

243 4177 339 4272 quod
376 4179 543 4273 sequitur
575 4179 841 4253 substantivum
882 4204 954 4254 non
987 4179 1186 4277 praecedit,
1230 4180 1334 4254 cuius
1357 4181 1406 4255 lo-

238 4319 371 4416 quendi
397 4343 484 4396 usus
509 4321 605 4418 apud
632 4321 841 4397 Iuvenalem
863 4323 1008 4419 longam
1022 4324 1266 4419 exemplorum
1278 4323 1406 4397 seriem

239 4485 378 4558 possem
426 4464 595 4559 proferre.
649 4463 837 4557 Relativa,
876 4487 970 4560 quae
1002 4465 1184 4562 sequitur,
1230 4464 1408 4539 sententia

239 4605 516 4700 explicationem
562 4607 720 4680 continet
764 4607 872 4682 huius
910 4609 1024 4702 vocis,
1066 4609 1171 4707 quasi
1207 4608 1407 4710 scripsisset
