3300 5474
719 832 781 892 VS.
802 828 971 891 376-378.

1012 1035 1182 1109 Dormiat
1207 1035 1270 1108 ille

311 1202 391 1252 oum
418 1178 579 1268 domina,
607 1178 669 1252 sed
695 1187 735 1253 tu
760 1180 831 1252 iam
857 1179 1005 1270 durum,
1034 1177 1220 1269 Postume,
1246 1177 1390 1283 iamque

312 1321 529 1396 tondendum
556 1321 720 1395 eunucho
746 1321 930 1395 Bromium
956 1322 1175 1396 committere
1202 1320 1284 1394 noli.

310 1596 434 1671 Verba
458 1619 552 1691 quae
577 1605 661 1671 sunt
682 1597 867 1690 „eunuoho
884 1597 1069 1671 Bromium
1091 1596 1310 1670 committere
1331 1594 1428 1668 noli''

261 1740 505 1814 dubitationes
537 1748 691 1813 movent.
726 1739 781 1814 Ut
807 1738 1055 1837 Heinriohii1)
1083 1738 1333 1834 interpretatio
1358 1736 1430 1809 Lu-

262 1883 386 1957 binum
399 1881 430 1981 2)
478 1884 662 1977 sequentis
708 1890 745 1956 et
786 1884 838 1957 sio
877 1883 1067 1956 vertentis:
1112 1882 1206 1975 „noli
1245 1881 1429 1955 Bromium

262 2024 405 2099 eredere
431 2025 613 2113 eunucho,
641 2026 775 2121 quippe
799 2026 863 2121 qni
890 2047 971 2098 eum
997 2024 1179 2099 diffisnrus
1202 2024 1251 2098 sit
1275 2031 1311 2097 et
1324 2023 1431 2120 plane

261 2167 490 2263 perditurus’'
530 2168 588 2241 vel
625 2168 705 2242 ideo
743 2168 925 2265 displicet,
966 2168 1062 2263 quod
1098 2168 1207 2240 verba
1228 2189 1322 2262 quae
1346 2177 1431 2240 sunt

264 2310 415 2404 „durum
441 2311 585 2405 iamque
611 2311 850 2385 tondendum’'
879 2311 1105 2384 vehementer
1126 2311 1160 2384 ei
1173 2312 1334 2402 obstant,
1349 2332 1431 2383 oum

263 2452 503 2548 „delicatum”
531 2455 651 2549 potius
677 2456 734 2528 vel
761 2456 834 2528 tale
859 2454 947 2547 quid
973 2460 1175 2550 exspectes,
1203 2453 1256 2526 ita
1277 2451 1431 2547 Ruperti

261 2596 460 2685 enarratio,
488 2619 597 2691 quam
623 2597 830 2691 ceteroquin
858 2596 961 2670 valde
985 2597 1164 2691 approbo,
1193 2602 1228 2668 te
1254 2595 1369 2689 cogit,
1390 2603 1431 2667 ut

261 2737 387 2810 duram
414 2738 715 2812 construetionem
743 2738 929 2830 „ennuoho
943 2736 1183 2811 committere''
1203 2760 1267 2833 pro
1281 2735 1430 2831 eoquod

262 2888 315 2952 est
355 2904 458 2974 „oum
497 2880 661 2955 eunucho
699 2879 941 2954 committere'’
981 2902 1199 2974 concoquas,
1239 2878 1334 2975 qnod
1369 2878 1431 2951 vix

261 3021 393 3095 Latine
419 3022 490 3096 diei
517 3046 620 3118 posse
644 3031 742 3120 puto.
781 3021 880 3113 Quas
906 3023 952 3096 ob
978 3045 1104 3096 oausas
1130 3045 1193 3117 pro
1221 3020 1446 3116 „eunucho'f

261 3164 451 3259 legendum
479 3173 566 3260 puto
595 3188 696 3258 „oum
710 3164 795 3239 illo'’
815 3165 1000 3238 literarum
1014 3164 1182 3254 ductibus
1196 3188 1265 3238 non
1278 3165 1431 3237 multum

261 3308 355 3380 inter
369 3330 407 3380 se
420 3307 653 3392 distantibus,
668 3309 721 3381 ita
734 3316 774 3381 ut
787 3307 909 3379 eadem
924 3307 1103 3380 sententia
1115 3307 1263 3380 oriatur.
1286 3306 1431 3379 Etenim

262 3473 387 3523 versus
401 3426 484 3523 Ι375
513 3474 600 3545 „neo
625 3450 734 3524 dubie
760 3450 943 3524 custodem
970 3450 1055 3535 vitis
1080 3458 1116 3523 et
1129 3449 1224 3522 horti
1238 3447 1430 3544 provocat’'

262 3593 358 3665 viam
392 3593 521 3666 sternit
559 3593 605 3666 ad
643 3593 849 3687 sequentia:
890 3601 931 3666 tn
968 3614 1056 3665 eave
1089 3615 1134 3665 ne
1167 3592 1231 3665 ille
1263 3600 1432 3687 provooet

263 3734 465 3823 Bromium,
501 3743 537 3807 et
572 3744 750 3808 certamen
785 3758 866 3809 eum
892 3758 933 3808 eo
958 3735 1056 3808 ineat
1076 3734 1193 3829 stupri
1217 3734 1323 3808 uxori
1351 3743 1432 3808 tuae

262 3876 456 3969 inferendi,
493 3900 586 3972 quae
618 3901 700 3950 mon
727 3900 771 3950 ex
797 3878 861 3950 illo
887 3877 1075 3972 oonoipiat.
1113 3876 1218 3968 Quod
1243 3878 1281 3950 in
1306 3877 1433 3973 primis

262 4019 306 4091 de
332 4020 497 4095 eunucho
522 4044 638 4095 sermo
664 4030 736 4112 est,
767 4044 812 4094 ex
838 4021 958 4094 verbis
982 4044 1084 4115 „oum
1111 4019 1197 4094 illo'’
1224 4027 1342 4093 ortum
1355 4042 1432 4093 esse

265 4161 475 4255 „eunucho”
502 4187 547 4237 ne
574 4163 725 4236 mireris.

266 4388 424 4398 ——--

306 4536 331 4613 1)
353 4537 371 4595 l.
396 4539 415 4595 l.
439 4557 504 4615 pag.
530 4539 587 4595 235
610 4537 677 4598 Vol.
700 4539 742 4596 ll.

304 4642 329 4725 ²)
351 4643 419 4702 Iuv.
441 4644 503 4707 Sat.
526 4645 599 4708 Rea.
621 4645 724 4704 Henn.
747 4663 814 4724 pag.
837 4646 904 4707 809.
