3300 5474
834 425 874 484 92

263 611 352 684 mihi
384 612 502 708 placet
537 610 731 705 „ualidus'',
768 612 864 707 quod
897 612 1073 708 imprimis
1098 612 1143 685 ad
1170 613 1351 686 horrorem
1376 613 1428 687 in-

263 753 468 829 cutiendum
504 763 540 827 et
575 754 855 828 misericordiam
894 753 1103 828 movendam
1142 756 1249 829 valet.
1294 753 1429 831 Sensus

263 897 333 971 loni
359 908 433 970 tum
460 904 532 971 est:
563 895 724 990 „ualidus
749 919 795 969 ex
821 919 967 993 corpore
992 906 1120 971 trunco
1145 896 1259 970 fluens
1280 898 1429 992 sanguis

263 1020 442 1113 invidiosa
466 1039 567 1113 dabit
592 1039 757 1149 solatia’f
785 1038 845 1113 De
871 1040 981 1113 verbo
997 1039 1180 1135 „ualidus”
1194 1040 1430 1116 conferendus

264 1191 318 1256 est
344 1181 455 1277 Verg.
481 1182 573 1255 Aen.
600 1181 719 1255 VIIII
744 1186 835 1274 414,
861 1184 944 1256 423.

623 1893 897 1968 SATURA
944 1893 1077 1968 XIIII.

743 2208 804 2270 VS.
826 2208 952 2269 82-85.

374 2422 418 2496 In
443 2424 539 2497 saltu
565 2430 742 2496 venantur
767 2445 871 2512 aves,
899 2421 984 2495 hine
1008 2421 1141 2518 praeda
1166 2421 1278 2496 uubili

231 2636 234 2641 ,
374 2565 538 2661 ponitur:
566 2564 649 2638 inde
674 2572 795 2639 autem
820 2588 900 2639 eum
926 2587 965 2637 se
989 2572 1131 2637 matura
1155 2564 1291 2638 levavit

374 2708 580 2804 progenies,
607 2705 815 2781 stimulante
840 2707 933 2780 fame
958 2707 1103 2780 festinat
1128 2705 1173 2779 ad
1199 2705 1316 2800 illam,

374 2874 482 2947 quam
508 2850 663 2947 primum
689 2849 857 2946 praedam
883 2858 988 2946 rupto
1013 2858 1223 2946 gustaverat
1248 2873 1325 2924 evo.

319 3109 522 3184 Admodum
547 3107 744 3204 probabilis
768 3116 823 3182 est
847 3107 1070 3182 Lachmanni
1083 3108 1286 3183 coniectura
1301 3105 1431 3202 „haee”

270 3253 459 3329 scribentis
494 3274 558 3348 pro
594 3250 722 3345 „hine”
761 3249 828 3349 (vs.
865 3250 938 3348 82).
978 3251 1110 3325 Melius
1144 3250 1235 3325 illud
1268 3251 1435 3328 convenit

270 3418 351 3471 uum
384 3393 617 3491 sequentibus
642 3392 763 3467 verbis
790 3392 858 3487 „ad
883 3392 1025 3487 illam'';
1057 3402 1181 3469 eontra
1207 3417 1278 3468 vex
1305 3391 1432 3488 „hino”

270 3545 416 3636 propter
463 3536 590 3631 „inde”
634 3536 730 3631 quud
766 3535 947 3632 sequitur,
985 3537 1155 3610 lectorem
1192 3544 1435 3610 transversum

271 3682 359 3776 agit.
399 3679 471 3755 Hie
504 3680 611 3754 simul
636 3703 781 3754 eausam
805 3679 1023 3777 deprendes,
1054 3701 1127 3775 qua
1154 3677 1284 3773 „haee”
1312 3678 1435 3775 depra-

272 3832 395 3899 vatum
433 3831 506 3897 est:
553 3822 726 3896 librarius
768 3845 894 3918 nempe
932 3831 1077 3918 propter
1117 3819 1243 3915 „inde”
1282 3820 1436 3895 mutavit

274 3966 406 4063 „haee”
434 3965 537 4040 euius
562 3965 705 4039 litterae
729 3965 863 4038 fuerint
888 3966 984 4039 leotu
1009 3962 1235 4038 difficiliores.

731 4258 790 4318 Vs,
814 4260 979 4318 105-106.

324 4473 395 4548 Sed
420 4482 521 4570 pater
546 4474 584 4547 in
611 4495 737 4564 eausa,
765 4472 824 4546 uui
849 4471 1001 4568 septima
1024 4493 1187 4566 quaeque
1213 4471 1283 4546 fuit
1307 4472 1372 4545 lux

324 4617 458 4713 ignava
482 4626 517 4690 et
542 4624 680 4712 partem
706 4614 802 4689 vitae
827 4638 898 4688 non
924 4613 1046 4709 attigit
1069 4614 1192 4687 ullam.
