<?xml version="1.0" encoding="UTF-8"?>
<!DOCTYPE html PUBLIC "-//W3C//DTD XHTML 1.0 Transitional//EN"
    "http://www.w3.org/TR/xhtml1/DTD/xhtml1-transitional.dtd">
<html xmlns="http://www.w3.org/1999/xhtml" xml:lang="en" lang="en">
 <head>
  <title>
</title>
<meta http-equiv="Content-Type" content="text/html;charset=utf-8" />
  <meta name='ocr-system' content='tesseract 3.04.00' />
  <meta name='ocr-capabilities' content='ocr_page ocr_carea ocr_par ocr_line ocrx_word'/>
</head>
<body>
  <div class='ocr_page' id='page_1' title='image "adnotationescri00jonggoog_0014.png"; bbox 0 0 3300 5474; ppageno 0'>
   <div class='ocr_carea' id='block_1_1' title="bbox 637 1433 1000 1512">
    <p class='ocr_par' dir='ltr' id='par_1_1' title="bbox 637 1433 1000 1512">
     <span class='ocr_line' id='line_1_1' title="bbox 637 1433 1000 1512; baseline 0.008 -4"><span class='ocrx_word' id='word_1_1' title='bbox 637 1433 913 1508; x_wconf 79' lang='lat' dir='ltr'><strong>SATURA</strong></span> <span class='ocrx_word' id='word_1_2' title='bbox 970 1436 1000 1512; x_wconf 91' lang='grc' dir='ltr'><strong>Ι.</strong></span> 
     </span>
    </p>
   </div>
   <div class='ocr_carea' id='block_1_2' title="bbox 711 2089 1039 2152">
    <p class='ocr_par' dir='ltr' id='par_1_2' title="bbox 711 2089 1039 2152">
     <span class='ocr_line' id='line_1_2' title="bbox 711 2089 1039 2152; baseline -0.003 0"><span class='ocrx_word' id='word_1_3' title='bbox 711 2092 772 2152; x_wconf 74' lang='lat' dir='ltr'><strong>VS.</strong></span> <span class='ocrx_word' id='word_1_4' title='bbox 794 2089 926 2151; x_wconf 65' lang='lat' dir='ltr'><strong>45-5oq</strong></span> <span class='ocrx_word' id='word_1_5' title='bbox 967 2112 969 2116; x_wconf 74' lang='grc'>’</span> <span class='ocrx_word' id='word_1_6' title='bbox 1036 2136 1039 2141; x_wconf 77' lang='lat'>·</span> 
     </span>
    </p>
   </div>
   <div class='ocr_carea' id='block_1_3' title="bbox 281 2329 1401 2997">
    <p class='ocr_par' dir='ltr' id='par_1_3' title="bbox 281 2329 1401 2713">
     <span class='ocr_line' id='line_1_3' title="bbox 283 2329 1289 2427; baseline 0.003 -23"><span class='ocrx_word' id='word_1_7' title='bbox 283 2329 381 2421; x_wconf 81' lang='lat' dir='ltr'><strong>Quid</strong></span> <span class='ocrx_word' id='word_1_8' title='bbox 414 2332 585 2425; x_wconf 90' lang='lat' dir='ltr'><strong>referam,</strong></span> <span class='ocrx_word' id='word_1_9' title='bbox 620 2339 756 2427; x_wconf 89' lang='lat' dir='ltr'><strong>quanta</strong></span> <span class='ocrx_word' id='word_1_10' title='bbox 780 2332 914 2407; x_wconf 85' lang='lat' dir='ltr'><strong>sieeum</strong></span> <span class='ocrx_word' id='word_1_11' title='bbox 940 2332 1039 2407; x_wconf 86' lang='lat' dir='ltr'><strong>ieeur</strong></span> <span class='ocrx_word' id='word_1_12' title='bbox 1065 2332 1289 2425; x_wconf 82' lang='lat' dir='ltr'><strong>ardeatina,</strong></span> 
     </span>
     <span class='ocr_line' id='line_1_4' title="bbox 282 2472 1401 2584; baseline 0.002 -37"><span class='ocrx_word' id='word_1_13' title='bbox 282 2472 375 2549; x_wconf 79' lang='lat' dir='ltr'><strong>Cum</strong></span> <span class='ocrx_word' id='word_1_14' title='bbox 400 2475 571 2569; x_wconf 91' lang='lat' dir='ltr'><strong>populum</strong></span> <span class='ocrx_word' id='word_1_15' title='bbox 595 2474 769 2584; x_wconf 80' lang='lat' dir='ltr'>gregibus</span> <span class='ocrx_word' id='word_1_16' title='bbox 795 2475 965 2550; x_wconf 76' lang='lat' dir='ltr'><strong>comitum</strong></span> <span class='ocrx_word' id='word_1_17' title='bbox 987 2476 1117 2571; x_wconf 88' lang='lat' dir='ltr'><strong>premit</strong></span> <span class='ocrx_word' id='word_1_18' title='bbox 1143 2475 1203 2550; x_wconf 84' lang='lat' dir='ltr'><strong>hio</strong></span> <span class='ocrx_word' id='word_1_19' title='bbox 1225 2476 1401 2572; x_wconf 87' lang='lat' dir='ltr'><strong>spoliatur</strong></span> 
     </span>
     <span class='ocr_line' id='line_1_5' title="bbox 281 2616 1185 2713; baseline 0 -22"><span class='ocrx_word' id='word_1_20' title='bbox 281 2616 418 2713; x_wconf 90' lang='lat' dir='ltr'><strong>Pupilli</strong></span> <span class='ocrx_word' id='word_1_21' title='bbox 443 2616 663 2713; x_wconf 78' lang='lat' dir='ltr'><strong>prostantis?</strong></span> <span class='ocrx_word' id='word_1_22' title='bbox 697 2627 733 2691; x_wconf 92' lang='lat' dir='ltr'><strong>et</strong></span> <span class='ocrx_word' id='word_1_23' title='bbox 766 2617 826 2692; x_wconf 86' lang='lat' dir='ltr'><strong>hio</strong></span> <span class='ocrx_word' id='word_1_24' title='bbox 859 2617 1050 2693; x_wconf 87' lang='lat' dir='ltr'><strong>damnatus</strong></span> <span class='ocrx_word' id='word_1_25' title='bbox 1085 2619 1185 2692; x_wconf 88' lang='lat' dir='ltr'><strong>inani</strong></span> 
     </span>
    </p>

    <p class='ocr_par' dir='ltr' id='par_1_4' title="bbox 281 2757 1217 2859">
     <span class='ocr_line' id='line_1_6' title="bbox 281 2757 1217 2859; baseline 0.002 -27"><span class='ocrx_word' id='word_1_26' title='bbox 281 2757 421 2833; x_wconf 81' lang='lat' dir='ltr'><strong>Iudicio</strong></span> <span class='ocrx_word' id='word_1_27' title='bbox 452 2758 553 2856; x_wconf 90' lang='lat' dir='ltr'><strong>(quid</strong></span> <span class='ocrx_word' id='word_1_28' title='bbox 578 2760 673 2833; x_wconf 88' lang='lat' dir='ltr'><strong>eninr</strong></span> <span class='ocrx_word' id='word_1_29' title='bbox 697 2760 809 2834; x_wconf 86' lang='lat' dir='ltr'><strong>salvis</strong></span> <span class='ocrx_word' id='word_1_30' title='bbox 834 2761 983 2835; x_wconf 87' lang='lat' dir='ltr'><strong>infamia</strong></span> <span class='ocrx_word' id='word_1_31' title='bbox 1021 2760 1217 2859; x_wconf 65' lang='lat' dir='ltr'><strong>nummisi)</strong></span> 
     </span>
    </p>

    <p class='ocr_par' dir='ltr' id='par_1_5' title="bbox 282 2868 1218 2997">
     <span class='ocr_line' id='line_1_7' title="bbox 282 2900 1218 2997; baseline 0.005 -24"><span class='ocrx_word' id='word_1_32' title='bbox 282 2900 399 2975; x_wconf 80' lang='lat' dir='ltr'><strong>Exsul</strong></span> <span class='ocrx_word' id='word_1_33' title='bbox 420 2903 466 2974; x_wconf 91' lang='lat' dir='ltr'><strong>ab</strong></span> <span class='ocrx_word' id='word_1_34' title='bbox 487 2909 615 2975; x_wconf 81' lang='lat' dir='ltr'><strong>octava</strong></span> <span class='ocrx_word' id='word_1_35' title='bbox 636 2901 775 2977; x_wconf 88' lang='lat' dir='ltr'><strong>Marius</strong></span> <span class='ocrx_word' id='word_1_36' title='bbox 799 2903 910 2997; x_wconf 83' lang='lat' dir='ltr'>bibit,</span> <span class='ocrx_word' id='word_1_37' title='bbox 938 2913 974 2977; x_wconf 93' lang='lat' dir='ltr'><strong>et</strong></span> <span class='ocrx_word' id='word_1_38' title='bbox 1000 2904 1134 2990; x_wconf 83' lang='lat' dir='ltr'><strong>fruitur</strong></span> <span class='ocrx_word' id='word_1_39' title='bbox 1160 2903 1218 2978; x_wconf 92' lang='lat' dir='ltr'><strong>dis</strong></span> 
     </span>
    </p>
   </div>
   <div class='ocr_carea' id='block_1_4' title="bbox 281 3043 1081 3142">
    <p class='ocr_par' dir='ltr' id='par_1_6' title="bbox 281 3043 1081 3142">
     <span class='ocr_line' id='line_1_8' title="bbox 281 3043 1081 3142; baseline 0.005 -26"><span class='ocrx_word' id='word_1_40' title='bbox 281 3043 408 3118; x_wconf 91' lang='lat' dir='ltr'><strong>Iratis:</strong></span> <span class='ocrx_word' id='word_1_41' title='bbox 435 3052 473 3117; x_wconf 91' lang='lat' dir='ltr'><strong>at</strong></span> <span class='ocrx_word' id='word_1_42' title='bbox 487 3052 537 3125; x_wconf 50' lang='lat' dir='ltr'><strong>,tu</strong></span> <span class='ocrx_word' id='word_1_43' title='bbox 564 3045 695 3119; x_wconf 80' lang='lat' dir='ltr'><strong>viatrix</strong></span> <span class='ocrx_word' id='word_1_44' title='bbox 720 3045 907 3141; x_wconf 87' lang='lat' dir='ltr'><strong>provinoia</strong></span> <span class='ocrx_word' id='word_1_45' title='bbox 935 3045 1081 3142; x_wconf 75' lang='lat' dir='ltr'><strong>ploras?</strong></span> 
     </span>
    </p>
   </div>
   <div class='ocr_carea' id='block_1_5' title="bbox 230 3303 1459 4567">
    <p class='ocr_par' dir='ltr' id='par_1_7' title="bbox 230 3303 1450 4152">
     <span class='ocr_line' id='line_1_9' title="bbox 281 3303 1400 3429; baseline 0.003 -26"><span class='ocrx_word' id='word_1_46' title='bbox 281 3303 514 3423; x_wconf 77' lang='lat' dir='ltr'><strong>Coniunctio,</strong></span> <span class='ocrx_word' id='word_1_47' title='bbox 553 3353 646 3425; x_wconf 88' lang='lat' dir='ltr'><strong>quae</strong></span> <span class='ocrx_word' id='word_1_48' title='bbox 685 3338 739 3404; x_wconf 91' lang='lat' dir='ltr'><strong>est</strong></span> <span class='ocrx_word' id='word_1_49' title='bbox 772 3343 801 3403; x_wconf 86' lang='lat' dir='ltr'><strong>et</strong></span> <span class='ocrx_word' id='word_1_50' title='bbox 839 3329 905 3428; x_wconf 89' lang='lat' dir='ltr'><strong>(vs.</strong></span> <span class='ocrx_word' id='word_1_51' title='bbox 942 3329 1003 3429; x_wconf 76' lang='lat'><strong>47)</strong></span> <span class='ocrx_word' id='word_1_52' title='bbox 1041 3330 1129 3405; x_wconf 91' lang='lat' dir='ltr'><strong>mihi</strong></span> <span class='ocrx_word' id='word_1_53' title='bbox 1163 3331 1330 3429; x_wconf 80' lang='lat' dir='ltr'><strong>displicet</strong></span> <span class='ocrx_word' id='word_1_54' title='bbox 1365 3342 1400 3406; x_wconf 92' lang='lat' dir='ltr'><strong>et</strong></span> 
     </span>
     <span class='ocr_line' id='line_1_10' title="bbox 232 3471 1400 3570; baseline 0.004 -26"><span class='ocrx_word' id='word_1_55' title='bbox 232 3471 362 3547; x_wconf 84' lang='lat' dir='ltr'><strong>vitiosa</strong></span> <span class='ocrx_word' id='word_1_56' title='bbox 395 3495 472 3546; x_wconf 89' lang='lat' dir='ltr'><strong>esse</strong></span> <span class='ocrx_word' id='word_1_57' title='bbox 506 3471 668 3567; x_wconf 89' lang='lat' dir='ltr'><strong>videtur,</strong></span> <span class='ocrx_word' id='word_1_58' title='bbox 705 3473 800 3567; x_wconf 91' lang='lat' dir='ltr'><strong>quod</strong></span> <span class='ocrx_word' id='word_1_59' title='bbox 835 3482 960 3569; x_wconf 89' lang='lat' dir='ltr'><strong>poeta,</strong></span> <span class='ocrx_word' id='word_1_60' title='bbox 989 3495 1069 3547; x_wconf 88' lang='lat' dir='ltr'><strong>oum</strong></span> <span class='ocrx_word' id='word_1_61' title='bbox 1098 3475 1212 3548; x_wconf 90' lang='lat' dir='ltr'><strong>fervet</strong></span> <span class='ocrx_word' id='word_1_62' title='bbox 1237 3475 1400 3570; x_wconf 82' lang='lat' dir='ltr'><strong>indigna-</strong></span> 
     </span>
     <span class='ocr_line' id='line_1_11' title="bbox 231 3614 1400 3714; baseline 0.003 -27"><span class='ocrx_word' id='word_1_63' title='bbox 231 3614 346 3707; x_wconf 84' lang='lat' dir='ltr'><strong>tione,</strong></span> <span class='ocrx_word' id='word_1_64' title='bbox 394 3615 590 3689; x_wconf 85' lang='lat' dir='ltr'><strong>sententias</strong></span> <span class='ocrx_word' id='word_1_65' title='bbox 628 3637 691 3711; x_wconf 93' lang='lat' dir='ltr'><strong>per</strong></span> <span class='ocrx_word' id='word_1_66' title='bbox 729 3615 929 3714; x_wconf 79' lang='lat' dir='ltr'><strong>asyndeton</strong></span> <span class='ocrx_word' id='word_1_67' title='bbox 967 3638 1099 3712; x_wconf 93' lang='lat' dir='ltr'><strong>ponere</strong></span> <span class='ocrx_word' id='word_1_68' title='bbox 1138 3617 1247 3708; x_wconf 93' lang='lat' dir='ltr'><strong>solet,</strong></span> <span class='ocrx_word' id='word_1_69' title='bbox 1295 3640 1400 3711; x_wconf 88' lang='lat' dir='ltr'><strong>quem</strong></span> 
     </span>
     <span class='ocr_line' id='line_1_12' title="bbox 230 3757 1400 3853; baseline 0.003 -25"><span class='ocrx_word' id='word_1_70' title='bbox 230 3757 400 3850; x_wconf 91' lang='lat' dir='ltr'><strong>loquendi</strong></span> <span class='ocrx_word' id='word_1_71' title='bbox 433 3780 537 3832; x_wconf 89' lang='lat' dir='ltr'><strong>usum</strong></span> <span class='ocrx_word' id='word_1_72' title='bbox 576 3758 644 3831; x_wconf 88' lang='lat' dir='ltr'><strong>hoo</strong></span> <span class='ocrx_word' id='word_1_73' title='bbox 677 3758 755 3832; x_wconf 84' lang='lat' dir='ltr'><strong>loeo</strong></span> <span class='ocrx_word' id='word_1_74' title='bbox 789 3758 959 3832; x_wconf 89' lang='lat' dir='ltr'><strong>omissum</strong></span> <span class='ocrx_word' id='word_1_75' title='bbox 985 3781 1063 3832; x_wconf 89' lang='lat' dir='ltr'><strong>esse</strong></span> <span class='ocrx_word' id='word_1_76' title='bbox 1087 3781 1129 3832; x_wconf 94' lang='lat' dir='ltr'><strong>eo</strong></span> <span class='ocrx_word' id='word_1_77' title='bbox 1154 3758 1271 3853; x_wconf 86' lang='lat' dir='ltr'><strong>magis</strong></span> <span class='ocrx_word' id='word_1_78' title='bbox 1297 3758 1400 3832; x_wconf 88' lang='lat' dir='ltr'><strong>mira-</strong></span> 
     </span>
     <span class='ocr_line' id='line_1_13' title="bbox 231 3866 1450 3996; baseline -0.001 -24"><span class='ocrx_word' id='word_1_79' title='bbox 231 3922 329 3992; x_wconf 90' lang='lat' dir='ltr'><strong>mur,</strong></span> <span class='ocrx_word' id='word_1_80' title='bbox 368 3900 464 3994; x_wconf 91' lang='lat' dir='ltr'><strong>quod</strong></span> <span class='ocrx_word' id='word_1_81' title='bbox 502 3901 671 3974; x_wconf 88' lang='lat' dir='ltr'><strong>iteratum</strong></span> <span class='ocrx_word' id='word_1_82' title='bbox 709 3900 802 3974; x_wconf 93' lang='lat' dir='ltr'><strong>illud</strong></span> <span class='ocrx_word' id='word_1_83' title='bbox 839 3902 891 3972; x_wconf 77' lang='lat' dir='ltr'><strong>hio</strong></span> <span class='ocrx_word' id='word_1_84' title='bbox 925 3866 989 3996; x_wconf 88' lang='lat' dir='ltr'><strong>pro</strong></span> <span class='ocrx_word' id='word_1_85' title='bbox 1023 3901 1193 3975; x_wconf 88' lang='lat' dir='ltr'><strong>iunotura</strong></span> <span class='ocrx_word' id='word_1_86' title='bbox 1225 3901 1400 3976; x_wconf 90' lang='lat' dir='ltr'><strong>inservire</strong></span> <span class='ocrx_word' id='word_1_87' title='bbox 1448 3966 1450 3971; x_wconf 89' lang='lat'><em>.</em></span> 
     </span>
     <span class='ocr_line' id='line_1_14' title="bbox 231 4051 584 4152; baseline 0.003 -37"><span class='ocrx_word' id='word_1_88' title='bbox 231 4051 358 4138; x_wconf 89' lang='lat' dir='ltr'><strong>potest.</strong></span> <span class='ocrx_word' id='word_1_89' title='bbox 582 4146 584 4152; x_wconf 16' lang='lat' dir='ltr'>s</span> 
     </span>
    </p>

    <p class='ocr_par' dir='ltr' id='par_1_8' title="bbox 231 4184 1459 4571">
     <span class='ocr_line' id='line_1_15' title="bbox 280 4184 1401 4281; baseline 0 -23"><span class='ocrx_word' id='word_1_90' title='bbox 280 4184 449 4278; x_wconf 83' lang='lat' dir='ltr'><strong>Aoeedit,</strong></span> <span class='ocrx_word' id='word_1_91' title='bbox 489 4184 584 4280; x_wconf 89' lang='lat' dir='ltr'><strong>quod</strong></span> <span class='ocrx_word' id='word_1_92' title='bbox 622 4187 800 4260; x_wconf 87' lang='lat' dir='ltr'><strong>sententia</strong></span> <span class='ocrx_word' id='word_1_93' title='bbox 836 4207 929 4280; x_wconf 87' lang='lat' dir='ltr'><strong>qnae</strong></span> <span class='ocrx_word' id='word_1_94' title='bbox 968 4185 1080 4281; x_wconf 90' lang='lat' dir='ltr'><strong>priori</strong></span> <span class='ocrx_word' id='word_1_95' title='bbox 1118 4184 1186 4259; x_wconf 90' lang='lat' dir='ltr'><strong>hae</strong></span> <span class='ocrx_word' id='word_1_96' title='bbox 1222 4184 1401 4280; x_wconf 78' lang='lat' dir='ltr'><strong>particula</strong></span> 
     </span>
     <span class='ocr_line' id='line_1_16' title="bbox 231 4325 1400 4424; baseline -0.003 -22"><span class='ocrx_word' id='word_1_97' title='bbox 231 4328 451 4421; x_wconf 78' lang='lat' dir='ltr'><strong>adnectitur,</strong></span> <span class='ocrx_word' id='word_1_98' title='bbox 479 4327 728 4424; x_wconf 84' lang='lat' dir='ltr'><strong>gradationem</strong></span> <span class='ocrx_word' id='word_1_99' title='bbox 753 4351 792 4402; x_wconf 93' lang='lat' dir='ltr'><strong>re</strong></span> <span class='ocrx_word' id='word_1_100' title='bbox 818 4351 904 4402; x_wconf 88' lang='lat' dir='ltr'><strong>vera</strong></span> <span class='ocrx_word' id='word_1_101' title='bbox 925 4328 1100 4422; x_wconf 88' lang='lat' dir='ltr'><strong>eontinet;</strong></span> <span class='ocrx_word' id='word_1_102' title='bbox 1129 4350 1212 4401; x_wconf 87' lang='lat' dir='ltr'><strong>nam</strong></span> <span class='ocrx_word' id='word_1_103' title='bbox 1229 4327 1267 4399; x_wconf 93' lang='lat' dir='ltr'><strong>in</strong></span> <span class='ocrx_word' id='word_1_104' title='bbox 1281 4325 1400 4421; x_wconf 88' lang='lat' dir='ltr'><strong>priore</strong></span> 
     </span>
     <span class='ocr_line' id='line_1_17' title="bbox 231 4470 1459 4567; baseline -0.003 -22"><span class='ocrx_word' id='word_1_105' title='bbox 231 4481 328 4545; x_wconf 90' lang='lat' dir='ltr'><strong>tutor</strong></span> <span class='ocrx_word' id='word_1_106' title='bbox 361 4473 423 4544; x_wconf 94' lang='lat' dir='ltr'><strong>ille</strong></span> <span class='ocrx_word' id='word_1_107' title='bbox 458 4472 556 4545; x_wconf 88' lang='lat' dir='ltr'><strong>solus</strong></span> <span class='ocrx_word' id='word_1_108' title='bbox 590 4496 612 4544; x_wconf 86' lang='lat' dir='ltr'><strong>a</strong></span> <span class='ocrx_word' id='word_1_109' title='bbox 646 4481 752 4567; x_wconf 90' lang='lat' dir='ltr'><strong>poeta</strong></span> <span class='ocrx_word' id='word_1_110' title='bbox 776 4471 1050 4567; x_wconf 79' lang='lat' dir='ltr'><strong>perstringitur,</strong></span> <span class='ocrx_word' id='word_1_111' title='bbox 1078 4471 1116 4542; x_wconf 94' lang='lat' dir='ltr'><strong>in</strong></span> <span class='ocrx_word' id='word_1_112' title='bbox 1142 4470 1256 4543; x_wconf 88' lang='lat' dir='ltr'><strong>altera</strong></span> <span class='ocrx_word' id='word_1_113' title='bbox 1280 4477 1399 4542; x_wconf 89' lang='lat' dir='ltr'><strong>tamen</strong></span> <span class='ocrx_word' id='word_1_114' title='bbox 1452 4496 1459 4502; x_wconf 45' lang='lat'><strong>¹*</strong></span> 
     </span>
    </p>
   </div>
   <div class='ocr_carea' id='block_1_6' title="bbox 233 4611 1400 4777">
    <p class='ocr_par' dir='ltr' id='par_1_9' title="bbox 233 4611 1400 4777">
     <span class='ocr_line' id='line_1_18' title="bbox 233 4611 1400 4707; baseline -0.003 -20"><span class='ocrx_word' id='word_1_115' title='bbox 233 4638 302 4687; x_wconf 93' lang='lat' dir='ltr'><strong>non</strong></span> <span class='ocrx_word' id='word_1_116' title='bbox 340 4616 456 4687; x_wconf 88' lang='lat' dir='ltr'><strong>solum</strong></span> <span class='ocrx_word' id='word_1_117' title='bbox 495 4613 633 4688; x_wconf 88' lang='lat' dir='ltr'><strong>Marius</strong></span> <span class='ocrx_word' id='word_1_118' title='bbox 667 4614 729 4687; x_wconf 90' lang='lat' dir='ltr'><strong>sed</strong></span> <span class='ocrx_word' id='word_1_119' title='bbox 763 4615 870 4687; x_wconf 89' lang='lat' dir='ltr'><strong>etiam</strong></span> <span class='ocrx_word' id='word_1_120' title='bbox 906 4613 1060 4705; x_wconf 88' lang='lat' dir='ltr'><strong>iudioes,</strong></span> <span class='ocrx_word' id='word_1_121' title='bbox 1101 4612 1163 4707; x_wconf 91' lang='lat' dir='ltr'><strong>qui</strong></span> <span class='ocrx_word' id='word_1_122' title='bbox 1198 4611 1297 4686; x_wconf 93' lang='lat' dir='ltr'><strong>inani</strong></span> <span class='ocrx_word' id='word_1_123' title='bbox 1334 4633 1400 4684; x_wconf 88' lang='lat' dir='ltr'><strong>sua</strong></span> 
     </span>
     <span class='ocr_line' id='line_1_19' title="bbox 1269 4735 1283 4777; baseline 0 0"><span class='ocrx_word' id='word_1_124' title='bbox 1269 4735 1283 4777; x_wconf 80' lang='lat'>2</span> 
     </span>
    </p>
   </div>
   <div class='ocr_carea' id='block_1_7' title="bbox 0 0 1654 5474">
    <p class='ocr_par' dir='ltr' id='par_1_10' title="bbox 0 0 1654 5474">
     <span class='ocr_line' id='line_1_20' title="bbox 0 0 1654 5474; baseline 0 1"><span class='ocrx_word' id='word_1_125' title='bbox 0 0 1654 5474; x_wconf 95' lang='lat' dir='ltr'><strong> </strong></span> 
     </span>
    </p>
   </div>
  </div>
 </body>
</html>
