3300 5474
804 463 841 523 11

293 651 446 747 „Falso”
498 650 567 738 (vs.
619 649 680 748 67)
730 651 926 726 seeundum
971 652 1117 747 regulas
1157 652 1411 747 grammaticae

243 795 343 868 nullo
381 794 485 867 mode
525 794 700 890 explieari
738 802 872 889 petest,
904 793 981 867 sive
1014 793 1167 868 habetur
1200 794 1410 869 adverbium

241 938 318 1012 sive
363 937 526 1011 dativum
574 937 651 1010 sive
691 936 890 1010 ablativum
928 944 970 1011 ut
1007 936 1055 1011 sit
1091 959 1155 1033 pr0
1190 937 1251 1032 „in
1285 935 1409 1027 fals0''‚

241 1080 336 1176 qued
363 1080 486 1153 veluit
503 1077 681 1154 Weberus
709 1079 787 1152 iure
812 1102 855 1152 ea
879 1079 924 1152 de
949 1102 988 1153 re
1009 1079 1246 1175 reprehensus
1267 1103 1290 1154 a
1311 1079 1411 1153 Mad-

241 1222 394 1317 vigio1).
422 1221 577 1317 Quoquo
602 1229 637 1295 te
663 1221 793 1312 vertis,
825 1213 1055 1317 difficultates
1080 1229 1116 1296 te
1141 1231 1317 1318 premunt.

290 1365 418 1460 Neque
456 1363 655 1460 Rupertius
693 1373 747 1437 est
779 1363 980 1438 audiendus
1015 1364 1149 1459 „falso”
1180 1364 1356 1439 divellens
1389 1389 1412 1438 a

243 1506 446 1604 „signatur”
482 1516 517 1581 et
552 1508 775 1601 coniungens
811 1529 891 1581 eum
916 1507 1094 1581 sententia
1118 1508 1289 1601 relativa,
1315 1508 1411 1604 qued

240 1651 293 1724 ita
326 1650 382 1723 vis
416 1651 607 1723 verborum
643 1671 737 1744 quae
770 1658 855 1723 sunt
897 1649 1062 1760 „exiguis
1099 1649 1265 1725 tabellis’'
1304 1652 1410 1746 plane

241 1794 382 1868 tollitur
408 1801 450 1868 ut
475 1800 572 1867 reete
596 1791 736 1866 monuit
763 1790 1032 1890 Weidnerusv).

290 1937 373 2032 Ipse
410 1935 620 2031 Madvigius
661 1933 856 2028 legendum
896 1936 1039 2030 putavit
1080 1935 1244 2030 „signate
1282 1935 1408 2029 fals0''‚

239 2079 336 2176 quod
374 2079 475 2152 salva
513 2077 583 2150 viri
622 2076 811 2151 elarissimi
847 2084 882 2150 et
904 2076 1101 2179 doetissimi
1126 2078 1328 2151 reverentia
1352 2077 1410 2151 de

240 2222 386 2297 feudare
418 2244 491 2295 nen
525 2220 640 2296 ausim
670 2220 757 2316 quia
780 2219 1021 2294 intolerabilis
1047 2219 1130 2293 inde
1155 2220 1271 2295 oritur
1294 2209 1417 2297 tauto-¹

240 2365 348 2460 logia.

290 2505 470 2602 Equidem
508 2506 679 2580 mendum
717 2514 805 2601 puto
839 2505 956 2578 iaeere
989 2505 1027 2577 in
1061 2527 1187 2579 versus
1214 2506 1410 2601 superioris

241 2650 368 2725 ultima
408 2673 495 2724 veee
527 2672 619 2744 quae
652 2658 705 2722 est
734 2647 919 2744 „supine”
960 2647 1169 2723 Genuiuum
1195 2648 1409 2723 vocabulum

243 2793 345 2867 euius
369 2793 571 2867 litterarum
597 2791 727 2865 duetus
752 2792 887 2865 fuerint
911 2791 1152 2884 obscuriores,
1179 2790 1264 2864 inde
1275 2790 1410 2866 iniuria

242 2936 393 3009 relatum
427 2934 473 3007 ad
513 2933 778 3028 „Maeeenate’',
806 2935 918 3008 fuisse
943 2935 1032 3008 mihi
1057 2934 1201 3009 videtur
1228 2933 1406 3031 „sigilla”

242 3076 431 3151 Maecenas
467 3053 520 3150 ita
553 3076 697 3170 quidem
736 3077 893 3151 nudatur
931 3077 995 3152 illo
1030 3077 1206 3173 epithete,
1234 3078 1296 3152 sed
1321 3085 1408 3174 puto
1443 3177 1445 3181 ι

241 3242 323 3294 eum
348 3241 419 3292 nen
445 3217 533 3291 adeo
558 3217 671 3291 fuisse
696 3218 866 3314 eupidum
893 3217 971 3294 eius
996 3226 1038 3293 ut
1063 3242 1134 3293 non
1158 3230 1264 3315 grate
1290 3220 1409 3296 animo

241 3385 280 3436 se
313 3385 355 3436 ee
388 3361 526 3459 privari
551 3383 725 3457 passurus
751 3361 870 3435 fuerit.
899 3362 1052 3457 Insuper
1076 3385 1149 3436 nen
1174 3385 1264 3459 epus
1289 3371 1343 3438 est
1368 3371 1409 3438 ut

243 3505 327 3578 talis
361 3504 459 3578 netie
485 3503 649 3578 addatur.
677 3503 772 3578 Nam
806 3527 851 3577 ex
885 3504 931 3578 iis
963 3526 1056 3600 quae
1088 3514 1194 3600 poeta
1218 3505 1290 3579 iam
1315 3505 1409 3580 dixit

240 3648 285 3721 de
317 3655 439 3723 nostre
455 3646 612 3734 ¹falsario
637 3646 726 3721 satis
750 3669 928 3743 superque
953 3655 1102 3743 apparet
1126 3647 1231 3722 illum
1256 3650 1408 3723 multum

243 3792 375 3864 referre
412 3789 456 3863 de
502 3789 711 3863 Maecenate
753 3788 831 3862 vire
879 3789 1038 3864 luxuriei
1079 3788 1200 3862 dedito
1242 3812 1314 3863 εοε
1348 3789 1409 3871 ‚de

244 3932 345 4025 „vire
380 3931 443 4006 ubi
475 3954 533 4005 res
562 3932 726 4027 vigiliam
761 3931 940 4026 exigeret,
971 3954 1057 4005 sane
1082 3930 1265 4005 exsomni'
1281 3929 1324 4030 3).
1350 3929 1406 4006 Of.

242 4073 349 4147 Mart.
392 4072 430 4146 X
474 4077 531 4147 73.
582 4072 775 4148 Praeterea
806 4073 885 4149 eius
917 4073 1065 4149 luxuria
1096 4073 1283 4148 notissima
1319 4081 1407 4148 erat.

240 4299 397 4308 *-

285 4460 309 4534 1)
330 4459 453 4518 Madv.
476 4458 569 4538 Opus.
592 4460 688 4520 Aead.
709 4461 726 4520 I
747 4480 813 4540 pag.
836 4463 885 4520 40.
969 4494 971 4498 ·

282 4565 309 4642 2)
331 4565 480 4627 Weidn.
501 4567 567 4630 Iuv.
590 4565 707 4626 Satirae
728 4585 795 4646 pag.
817 4570 865 4628 39.

283 4671 308 4748 3)
329 4672 408 4732 Vell.
430 4672 497 4733 Pat.
519 4672 554 4733 Π
575 4671 649 4752 Oap.
670 4675 719 4734 88.
