3300 5474
795 378 835 436 22

238 573 360 661 poeta:
396 587 517 639 vueem
554 565 606 638 itu
642 574 833 660 angustam
870 572 911 638 ut
949 564 1040 660 galli
1079 572 1207 639 cantus
1244 588 1315 639 nun
1354 567 1407 640 sit

237 707 402 781 deterior.
449 698 549 803 Ergo
594 705 783 804 Scholtii1)
833 707 1037 782 coniectura
1080 730 1150 781 non
1198 730 1288 804 opus
1325 715 1404 801 est,

238 850 391 944 legentis
419 848 664 945 „angustum”

741 1143 802 1204 VS.
825 1146 893 1203 125.

450 1365 637 1461 Nusquam
663 1367 778 1440 minor
803 1379 857 1441 est
880 1367 1021 1442 iactura
1045 1367 1197 1441 clientis.

290 1606 542 1704 Weidnerus2)
571 1606 752 1682 contendit
774 1607 831 1681 his
856 1607 975 1682 verbis
1002 1607 1118 1681 inesse
1131 1607 1405 1706 brachylogiam

240 1756 280 1823 ut
318 1749 385 1822 sit:
425 1771 601 1844 nusquam
641 1750 664 1822 i.
700 1772 730 1823 e.
770 1750 873 1823 nulla
905 1750 944 1823 in
977 1772 1016 1822 re
1049 1749 1165 1823 minor
1185 1757 1239 1824 est
1263 1750 1407 1824 iactura

239 1913 348 1986 quam
395 1892 534 1966 iactura
572 1892 723 1966 clientis.
775 1890 857 1965 Nun
895 1889 1010 1965 eredo.
1049 1889 1162 1964 Poeta
1192 1892 1406 1988 simpliciter

243 2035 310 2110 hoe
355 2034 461 2110 dicit:
504 2035 643 2110 iactura
683 2035 825 2109 elientis
862 2055 1040 2128 nusquam
1077 2033 1226 2108 minoris
1257 2033 1406 2110 ducitur

239 2200 348 2272 quam
383 2177 528 2251 Romae.
563 2177 774 2252 Umbricius
807 2177 901 2251 enim
932 2174 1066 2251 Cumas
1090 2176 1311 2271 migraturus
1335 2177 1406 2252 hue

239 2320 316 2416 agit
350 2328 391 2394 ut
428 2319 644 2394 demonstret
669 2320 803 2394 Romae
834 2319 1052 2416 pauperibus
1075 2320 1193 2393 locum
1219 2342 1289 2393 non
1314 2342 1403 2394 esse.

695 2659 756 2720 Vs.
780 2660 945 2719 131-133.

372 2883 511 2959 Divitis
535 2884 596 2957 hie
620 2883 716 2957 servi
740 2882 854 2958 eludit
878 2883 974 2957 latus
998 2883 1235 2979 ingenuorum

368 3026 485 3119 filius3
512 3027 604 3100 alter
629 3026 725 3101 enim
751 3033 924 3121 quantum
950 3026 987 3098 in
1014 3026 1156 3121 legione
1181 3027 1316 3101 tribuni

370 3169 552 3266 accipiunt
577 3169 687 3243 dunat
713 3167 888 3244 Calvinae
913 3169 971 3241 vel
998 3165 1187 3260 Catienae,
1214 3177 1280 3244 ete.

291 3408 579 3508 Hermannum³)
630 3416 774 3484 secutus
812 3407 1065 3507 Weidnerus4)
1106 3432 1228 3483 vueem
1268 3409 1403 3504 „alter”

240 3553 333 3627 male
369 3553 550 3648 intellegit
580 3552 626 3626 de
650 3575 743 3626 novo
769 3552 1051 3627 adulescentium
1084 3575 1232 3648 genere,
1261 3552 1405 3649 ellipsin

244 3697 364 3770 verbis
396 3696 512 3769 inesse
537 3703 699 3770 statuens
723 3703 765 3769 ut
789 3695 855 3769 sit:
882 3694 926 3769 de
951 3695 1015 3769 illo
1041 3695 1135 3768 enim
1159 3694 1261 3788 loqui
1285 3717 1405 3791 super-

242 3838 347 3913 sedeo
373 3838 437 3934 qui
462 3860 560 3933 squ,
586 3861 669 3913 num
696 3835 832 3932 „alter”
860 3845 914 3911 est
939 3837 1032 3910 idem
1058 3837 1121 3909 ille
1145 3835 1247 3910 dives
1268 3859 1403 3911 servus.
1476 3819 1480 3826 ⁵

241 3981 372 4076 Itaque
412 3982 589 4078 particula
639 3980 777 4076 „enim”
826 3975 969 4054 eausam
1001 3980 1172 4058 ,eontinet
1209 3979 1406 4054 sententiae

284 4257 309 4335 ¹)
330 4259 413 4319 Diss.
433 4258 509 4319 Litt.
532 4277 592 4338 pag
614 4261 661 4318 21.

284 4365 308 4442 ²)
330 4366 392 4426 Sat.
413 4367 479 4426 Iuv.
501 4385 569 4445 pag.
592 4365 641 4426 77.

283 4473 309 4554 8)
330 4473 529 4555 Specilsgium
551 4492 618 4552 pag.
642 4475 690 4532 24.

282 4582 309 4658 ⁴)
329 4581 392 4640 Sat.
413 4581 478 4640 Iuv.
501 4600 569 4660 pag.
591 4579 639 4640 77.
