<?xml version="1.0" encoding="UTF-8"?>
<!DOCTYPE html PUBLIC "-//W3C//DTD XHTML 1.0 Transitional//EN"
    "http://www.w3.org/TR/xhtml1/DTD/xhtml1-transitional.dtd">
<html xmlns="http://www.w3.org/1999/xhtml" xml:lang="en" lang="en">
 <head>
  <title>
</title>
<meta http-equiv="Content-Type" content="text/html;charset=utf-8" />
  <meta name='ocr-system' content='tesseract 3.04.00' />
  <meta name='ocr-capabilities' content='ocr_page ocr_carea ocr_par ocr_line ocrx_word'/>
</head>
<body>
  <div class='ocr_page' id='page_1' title='image "adnotationescri00jonggoog_0033.png"; bbox 0 0 3300 5474; ppageno 0'>
   <div class='ocr_carea' id='block_1_1' title="bbox 802 434 841 493">
    <p class='ocr_par' dir='ltr' id='par_1_1' title="bbox 802 434 841 493">
     <span class='ocr_line' id='line_1_1' title="bbox 802 434 841 493; baseline 0.026 -1"><span class='ocrx_word' id='word_1_1' title='bbox 802 434 841 493; x_wconf 74' lang='lat'>28</span> 
     </span>
    </p>
   </div>
   <div class='ocr_carea' id='block_1_2' title="bbox 237 618 1408 1148">
    <p class='ocr_par' dir='ltr' id='par_1_2' title="bbox 237 618 1408 1148">
     <span class='ocr_line' id='line_1_2' title="bbox 239 618 1404 718; baseline -0.009 -18"><span class='ocrx_word' id='word_1_2' title='bbox 239 651 276 700; x_wconf 89' lang='lat' dir='ltr'>re</span> <span class='ocrx_word' id='word_1_3' title='bbox 303 650 387 700; x_wconf 88' lang='lat' dir='ltr'>vera</span> <span class='ocrx_word' id='word_1_4' title='bbox 411 635 483 715; x_wconf 87' lang='lat' dir='ltr'>est,</span> <span class='ocrx_word' id='word_1_5' title='bbox 511 632 551 698; x_wconf 91' lang='lat' dir='ltr'>ut</span> <span class='ocrx_word' id='word_1_6' title='bbox 577 623 699 718; x_wconf 88' lang='lat' dir='ltr'>paullo</span> <span class='ocrx_word' id='word_1_7' title='bbox 725 629 808 695; x_wconf 92' lang='lat' dir='ltr'>ante</span> <span class='ocrx_word' id='word_1_8' title='bbox 833 623 871 693; x_wconf 92' lang='lat' dir='ltr'>in</span> <span class='ocrx_word' id='word_1_9' title='bbox 896 620 965 693; x_wconf 85' lang='lat' dir='ltr'>hae</span> <span class='ocrx_word' id='word_1_10' title='bbox 990 619 1114 693; x_wconf 90' lang='lat' dir='ltr'>eadem</span> <span class='ocrx_word' id='word_1_11' title='bbox 1135 618 1248 691; x_wconf 93' lang='lat' dir='ltr'>satira</span> <span class='ocrx_word' id='word_1_12' title='bbox 1272 640 1322 690; x_wconf 91' lang='lat' dir='ltr'>vs.</span> <span class='ocrx_word' id='word_1_13' title='bbox 1339 620 1404 708; x_wconf 83' lang='grc'>60,</span> 
     </span>
     <span class='ocr_line' id='line_1_3' title="bbox 237 759 1407 863; baseline -0.01 -21"><span class='ocrx_word' id='word_1_14' title='bbox 237 768 333 863; x_wconf 86' lang='lat' dir='ltr'>quod</span> <span class='ocrx_word' id='word_1_15' title='bbox 373 768 490 841; x_wconf 91' lang='lat' dir='ltr'>virum</span> <span class='ocrx_word' id='word_1_16' title='bbox 529 765 672 840; x_wconf 79' lang='lat' dir='ltr'>doctum</span> <span class='ocrx_word' id='word_1_17' title='bbox 711 764 848 859; x_wconf 82' lang='lat' dir='ltr'>fugisse</span> <span class='ocrx_word' id='word_1_18' title='bbox 887 762 991 836; x_wconf 91' lang='lat' dir='ltr'>valde</span> <span class='ocrx_word' id='word_1_19' title='bbox 1026 762 1145 835; x_wconf 86' lang='lat' dir='ltr'>miror.</span> <span class='ocrx_word' id='word_1_20' title='bbox 1187 760 1341 854; x_wconf 85' lang='lat' dir='ltr'>Insuper</span> <span class='ocrx_word' id='word_1_21' title='bbox 1375 759 1407 831; x_wconf 94' lang='lat' dir='ltr'>si</span> 
     </span>
     <span class='ocr_line' id='line_1_4' title="bbox 240 900 1408 998; baseline -0.009 -15"><span class='ocrx_word' id='word_1_22' title='bbox 240 910 443 984; x_wconf 86' lang='lat' dir='ltr'>enniunetio</span> <span class='ocrx_word' id='word_1_23' title='bbox 466 917 577 998; x_wconf 83' lang='lat' dir='ltr'>esset,</span> <span class='ocrx_word' id='word_1_24' title='bbox 601 906 869 982; x_wconf 75' lang='lat' dir='ltr'>coniunctivum</span> <span class='ocrx_word' id='word_1_25' title='bbox 894 904 1037 979; x_wconf 91' lang='lat' dir='ltr'>modum</span> <span class='ocrx_word' id='word_1_26' title='bbox 1062 903 1285 978; x_wconf 76' lang='lat' dir='ltr'>adscisceret.</span> <span class='ocrx_word' id='word_1_27' title='bbox 1313 900 1408 974; x_wconf 88' lang='lat' dir='ltr'>Vide</span> 
     </span>
     <span class='ocr_line' id='line_1_5' title="bbox 241 1043 1381 1148; baseline -0.008 -24"><span class='ocrx_word' id='word_1_28' title='bbox 241 1050 416 1124; x_wconf 88' lang='lat' dir='ltr'>Kiaerum</span> <span class='ocrx_word' id='word_1_29' title='bbox 430 1049 468 1148; x_wconf 86' lang='grc'>1).</span> <span class='ocrx_word' id='word_1_30' title='bbox 497 1047 646 1123; x_wconf 78' lang='lat' dir='ltr'>Comma</span> <span class='ocrx_word' id='word_1_31' title='bbox 670 1057 750 1144; x_wconf 86' lang='lat' dir='ltr'>post</span> <span class='ocrx_word' id='word_1_32' title='bbox 777 1044 1067 1140; x_wconf 79' lang='lat' dir='ltr'>„sanctissimus”</span> <span class='ocrx_word' id='word_1_33' title='bbox 1097 1043 1292 1119; x_wconf 90' lang='lat' dir='ltr'>tollendum</span> <span class='ocrx_word' id='word_1_34' title='bbox 1317 1051 1381 1115; x_wconf 90' lang='lat' dir='ltr'>est.</span> 
     </span>
    </p>
   </div>
   <div class='ocr_carea' id='block_1_3' title="bbox 646 1790 1009 2093">
    <p class='ocr_par' dir='ltr' id='par_1_3' title="bbox 646 1790 1009 2093">
     <span class='ocr_line' id='line_1_6' title="bbox 646 1790 1009 1867; baseline -0.003 -1"><span class='ocrx_word' id='word_1_35' title='bbox 646 1790 718 1867; x_wconf 75' lang='lat' dir='ltr'>Sd</span> <span class='ocrx_word' id='word_1_36' title='bbox 745 1794 768 1865; x_wconf 84' lang='lat' dir='ltr'>T</span> <span class='ocrx_word' id='word_1_37' title='bbox 795 1792 822 1865; x_wconf 88' lang='lat' dir='ltr'><strong>U</strong></span> <span class='ocrx_word' id='word_1_38' title='bbox 848 1794 875 1865; x_wconf 81' lang='lat' dir='ltr'><strong>R</strong></span> <span class='ocrx_word' id='word_1_39' title='bbox 900 1790 925 1864; x_wconf 76' lang='lat' dir='ltr'>t</span> <span class='ocrx_word' id='word_1_40' title='bbox 973 1793 1009 1865; x_wconf 77' lang='lat' dir='ltr'>v.</span> 
     </span>
     <span class='ocr_line' id='line_1_7' title="bbox 703 2012 1005 2093; baseline -0.013 0"><span class='ocrx_word' id='word_1_41' title='bbox 703 2033 763 2093; x_wconf 83' lang='lat' dir='ltr'>vs.</span> <span class='ocrx_word' id='word_1_42' title='bbox 787 2031 952 2093; x_wconf 77' lang='grc'><strong>131-115.</strong></span> <span class='ocrx_word' id='word_1_43' title='bbox 1003 2012 1005 2016; x_wconf 65' lang='lat'>&#39;</span> 
     </span>
    </p>
   </div>
   <div class='ocr_carea' id='block_1_4' title="bbox 341 2245 1352 3055">
    <p class='ocr_par' dir='ltr' id='par_1_4' title="bbox 341 2245 1352 3055">
     <span class='ocr_line' id='line_1_8' title="bbox 674 2245 1312 2321; baseline 0 -2"><span class='ocrx_word' id='word_1_44' title='bbox 674 2245 855 2320; x_wconf 86' lang='lat' dir='ltr'>Dominus</span> <span class='ocrx_word' id='word_1_45' title='bbox 880 2253 998 2321; x_wconf 89' lang='lat' dir='ltr'>tamen</span> <span class='ocrx_word' id='word_1_46' title='bbox 1026 2255 1061 2320; x_wconf 89' lang='lat' dir='ltr'>et</span> <span class='ocrx_word' id='word_1_47' title='bbox 1086 2246 1222 2319; x_wconf 89' lang='lat' dir='ltr'>domini</span> <span class='ocrx_word' id='word_1_48' title='bbox 1249 2269 1312 2319; x_wconf 84' lang='lat' dir='ltr'>rex</span> 
     </span>
     <span class='ocr_line' id='line_1_9' title="bbox 345 2386 1199 2485; baseline 0.001 -24"><span class='ocrx_word' id='word_1_49' title='bbox 345 2388 375 2461; x_wconf 89' lang='lat' dir='ltr'>si</span> <span class='ocrx_word' id='word_1_50' title='bbox 402 2388 458 2460; x_wconf 90' lang='lat' dir='ltr'>vis</span> <span class='ocrx_word' id='word_1_51' title='bbox 483 2396 523 2460; x_wconf 96' lang='lat' dir='ltr'>tu</span> <span class='ocrx_word' id='word_1_52' title='bbox 547 2386 645 2480; x_wconf 78' lang='lat' dir='ltr'>fieri,</span> <span class='ocrx_word' id='word_1_53' title='bbox 673 2389 796 2463; x_wconf 88' lang='lat' dir='ltr'>nullus</span> <span class='ocrx_word' id='word_1_54' title='bbox 824 2389 891 2463; x_wconf 90' lang='lat' dir='ltr'>tibi</span> <span class='ocrx_word' id='word_1_55' title='bbox 918 2390 1088 2485; x_wconf 90' lang='lat' dir='ltr'>parvolus</span> <span class='ocrx_word' id='word_1_56' title='bbox 1113 2390 1199 2463; x_wconf 91' lang='lat' dir='ltr'>aula</span> 
     </span>
     <span class='ocr_line' id='line_1_10' title="bbox 342 2528 1119 2623; baseline 0.004 -21"><span class='ocrx_word' id='word_1_57' title='bbox 342 2529 468 2602; x_wconf 87' lang='lat' dir='ltr'>luserit</span> <span class='ocrx_word' id='word_1_58' title='bbox 493 2528 652 2623; x_wconf 83' lang='lat' dir='ltr'>Aeneas,</span> <span class='ocrx_word' id='word_1_59' title='bbox 679 2553 745 2604; x_wconf 82' lang='lat' dir='ltr'>nea</span> <span class='ocrx_word' id='word_1_60' title='bbox 769 2530 847 2604; x_wconf 90' lang='lat' dir='ltr'>filia</span> <span class='ocrx_word' id='word_1_61' title='bbox 872 2531 1012 2606; x_wconf 80' lang='lat' dir='ltr'>dulcior</span> <span class='ocrx_word' id='word_1_62' title='bbox 1038 2533 1119 2622; x_wconf 82' lang='lat' dir='ltr'>illo,</span> 
     </span>
     <span class='ocr_line' id='line_1_11' title="bbox 341 2671 1319 2748; baseline 0.003 -5"><span class='ocrx_word' id='word_1_63' title='bbox 341 2671 536 2745; x_wconf 81' lang='lat' dir='ltr'>iucundum</span> <span class='ocrx_word' id='word_1_64' title='bbox 560 2679 596 2746; x_wconf 89' lang='lat' dir='ltr'>et</span> <span class='ocrx_word' id='word_1_65' title='bbox 621 2694 743 2746; x_wconf 80' lang='lat' dir='ltr'>aarum</span> <span class='ocrx_word' id='word_1_66' title='bbox 768 2673 902 2747; x_wconf 89' lang='lat' dir='ltr'>sterilis</span> <span class='ocrx_word' id='word_1_67' title='bbox 926 2674 1013 2747; x_wconf 79' lang='lat' dir='ltr'>facit</span> <span class='ocrx_word' id='word_1_68' title='bbox 1039 2696 1130 2747; x_wconf 85' lang='lat' dir='ltr'>uxor</span> <span class='ocrx_word' id='word_1_69' title='bbox 1155 2674 1319 2748; x_wconf 81' lang='lat' dir='ltr'>amicum.</span> 
     </span>
     <span class='ocr_line' id='line_1_12' title="bbox 341 2812 1352 2913; baseline 0.005 -28"><span class='ocrx_word' id='word_1_70' title='bbox 341 2812 403 2886; x_wconf 89' lang='lat' dir='ltr'>sed</span> <span class='ocrx_word' id='word_1_71' title='bbox 428 2821 491 2885; x_wconf 91' lang='lat' dir='ltr'>tua</span> <span class='ocrx_word' id='word_1_72' title='bbox 516 2834 612 2886; x_wconf 86' lang='lat' dir='ltr'>nune</span> <span class='ocrx_word' id='word_1_73' title='bbox 637 2812 785 2911; x_wconf 84' lang='lat' dir='ltr'>Mygale</span> <span class='ocrx_word' id='word_1_74' title='bbox 812 2816 928 2909; x_wconf 91' lang='lat' dir='ltr'>pariat</span> <span class='ocrx_word' id='word_1_75' title='bbox 954 2817 1039 2889; x_wconf 86' lang='lat' dir='ltr'>lieet</span> <span class='ocrx_word' id='word_1_76' title='bbox 1065 2825 1100 2889; x_wconf 91' lang='lat' dir='ltr'>et</span> <span class='ocrx_word' id='word_1_77' title='bbox 1126 2840 1255 2913; x_wconf 89' lang='lat' dir='ltr'>pueros</span> <span class='ocrx_word' id='word_1_78' title='bbox 1280 2826 1352 2890; x_wconf 89' lang='lat' dir='ltr'>tres</span> 
     </span>
     <span class='ocr_line' id='line_1_13' title="bbox 341 2955 1297 3055; baseline 0.005 -28"><span class='ocrx_word' id='word_1_79' title='bbox 341 2955 379 3028; x_wconf 90' lang='lat' dir='ltr'>in</span> <span class='ocrx_word' id='word_1_80' title='bbox 404 2957 580 3048; x_wconf 82' lang='lat' dir='ltr'>gremium</span> <span class='ocrx_word' id='word_1_81' title='bbox 606 2957 720 3051; x_wconf 90' lang='lat' dir='ltr'>patris</span> <span class='ocrx_word' id='word_1_82' title='bbox 744 2957 872 3031; x_wconf 86' lang='lat' dir='ltr'>fundat</span> <span class='ocrx_word' id='word_1_83' title='bbox 898 2958 1025 3048; x_wconf 79' lang='lat' dir='ltr'>simul,</span> <span class='ocrx_word' id='word_1_84' title='bbox 1052 2960 1129 3054; x_wconf 90' lang='lat' dir='ltr'>ipse</span> <span class='ocrx_word' id='word_1_85' title='bbox 1154 2961 1297 3055; x_wconf 79' lang='lat' dir='ltr'>laquaci</span> 
     </span>
    </p>
   </div>
   <div class='ocr_carea' id='block_1_5' title="bbox 342 3079 1157 3192">
    <p class='ocr_par' dir='ltr' id='par_1_5' title="bbox 342 3079 1157 3192">
     <span class='ocr_line' id='line_1_14' title="bbox 342 3079 1157 3192; baseline 0.002 -21"><span class='ocrx_word' id='word_1_86' title='bbox 342 3097 514 3192; x_wconf 82' lang='lat' dir='ltr'>gaudebit</span> <span class='ocrx_word' id='word_1_87' title='bbox 539 3098 641 3188; x_wconf 77' lang='lat' dir='ltr'>nno,</span> <span class='ocrx_word' id='word_1_88' title='bbox 669 3079 819 3172; x_wconf 72' lang='lat' dir='ltr'>viridem</span> <span class='ocrx_word' id='word_1_89' title='bbox 846 3099 993 3174; x_wconf 72' lang='lat' dir='ltr'>thoraca</span> <span class='ocrx_word' id='word_1_90' title='bbox 1018 3101 1157 3175; x_wconf 72' lang='lat' dir='ltr'>iurem</span> 
     </span>
    </p>
   </div>
   <div class='ocr_carea' id='block_1_6' title="bbox 343 3241 1278 3480">
    <p class='ocr_par' dir='ltr' id='par_1_6' title="bbox 343 3241 1278 3480">
     <span class='ocr_line' id='line_1_15' title="bbox 343 3241 1278 3338; baseline 0.004 -25"><span class='ocrx_word' id='word_1_91' title='bbox 343 3241 479 3334; x_wconf 82' lang='lat' dir='ltr'>afferri,</span> <span class='ocrx_word' id='word_1_92' title='bbox 507 3241 741 3336; x_wconf 85' lang='lat' dir='ltr'>minimasque</span> <span class='ocrx_word' id='word_1_93' title='bbox 767 3263 877 3315; x_wconf 82' lang='lat' dir='ltr'>nunes</span> <span class='ocrx_word' id='word_1_94' title='bbox 902 3266 1087 3338; x_wconf 88' lang='lat' dir='ltr'>assemque</span> <span class='ocrx_word' id='word_1_95' title='bbox 1113 3252 1278 3338; x_wconf 81' lang='lat' dir='ltr'>rugatum</span> 
     </span>
     <span class='ocr_line' id='line_1_16' title="bbox 343 3383 1258 3480; baseline 0.002 -23"><span class='ocrx_word' id='word_1_96' title='bbox 343 3383 389 3457; x_wconf 91' lang='lat' dir='ltr'>ad</span> <span class='ocrx_word' id='word_1_97' title='bbox 414 3406 571 3458; x_wconf 89' lang='lat' dir='ltr'>mensam</span> <span class='ocrx_word' id='word_1_98' title='bbox 596 3385 737 3479; x_wconf 87' lang='lat' dir='ltr'>quoties</span> <span class='ocrx_word' id='word_1_99' title='bbox 761 3386 941 3480; x_wconf 85' lang='lat' dir='ltr'>parasitus</span> <span class='ocrx_word' id='word_1_100' title='bbox 967 3386 1105 3460; x_wconf 88' lang='lat' dir='ltr'>venerit</span> <span class='ocrx_word' id='word_1_101' title='bbox 1131 3388 1258 3460; x_wconf 82' lang='lat' dir='ltr'>infans</span> 
     </span>
    </p>
   </div>
   <div class='ocr_carea' id='block_1_7' title="bbox 246 3614 1414 4426">
    <p class='ocr_par' dir='ltr' id='par_1_7' title="bbox 248 3614 1413 3997">
     <span class='ocr_line' id='line_1_17' title="bbox 296 3614 1412 3712; baseline 0.002 -24"><span class='ocrx_word' id='word_1_102' title='bbox 296 3614 358 3688; x_wconf 92' lang='lat' dir='ltr'>Vs.</span> <span class='ocrx_word' id='word_1_103' title='bbox 396 3617 465 3688; x_wconf 90' lang='grc'>140</span> <span class='ocrx_word' id='word_1_104' title='bbox 498 3637 579 3689; x_wconf 86' lang='lat' dir='ltr'>eum</span> <span class='ocrx_word' id='word_1_105' title='bbox 612 3614 741 3689; x_wconf 91' lang='lat' dir='ltr'>Iahnio</span> <span class='ocrx_word' id='word_1_106' title='bbox 774 3616 927 3712; x_wconf 91' lang='lat' dir='ltr'>aliisque</span> <span class='ocrx_word' id='word_1_107' title='bbox 958 3617 1146 3690; x_wconf 89' lang='lat' dir='ltr'>delendum</span> <span class='ocrx_word' id='word_1_108' title='bbox 1173 3640 1249 3690; x_wconf 89' lang='lat' dir='ltr'>esse</span> <span class='ocrx_word' id='word_1_109' title='bbox 1275 3641 1412 3691; x_wconf 85' lang='lat' dir='ltr'>eensee.</span> 
     </span>
     <span class='ocr_line' id='line_1_18' title="bbox 248 3757 1413 3856; baseline 0.002 -24"><span class='ocrx_word' id='word_1_110' title='bbox 248 3757 348 3849; x_wconf 78' lang='lat' dir='ltr'>Quas</span> <span class='ocrx_word' id='word_1_111' title='bbox 386 3759 431 3832; x_wconf 91' lang='lat' dir='ltr'>ob</span> <span class='ocrx_word' id='word_1_112' title='bbox 471 3781 599 3833; x_wconf 88' lang='lat' dir='ltr'>eausas</span> <span class='ocrx_word' id='word_1_113' title='bbox 636 3758 682 3832; x_wconf 92' lang='lat' dir='ltr'>iis</span> <span class='ocrx_word' id='word_1_114' title='bbox 719 3760 912 3850; x_wconf 82' lang='lat' dir='ltr'>assentiar,</span> <span class='ocrx_word' id='word_1_115' title='bbox 953 3761 1154 3856; x_wconf 78' lang='lat' dir='ltr'>apparebit,</span> <span class='ocrx_word' id='word_1_116' title='bbox 1194 3761 1226 3833; x_wconf 92' lang='lat' dir='ltr'>si</span> <span class='ocrx_word' id='word_1_117' title='bbox 1260 3760 1413 3856; x_wconf 90' lang='lat' dir='ltr'>primum</span> 
     </span>
     <span class='ocr_line' id='line_1_19' title="bbox 248 3899 1220 3997; baseline 0.002 -24"><span class='ocrx_word' id='word_1_118' title='bbox 248 3899 443 3973; x_wconf 85' lang='lat' dir='ltr'>viderimus</span> <span class='ocrx_word' id='word_1_119' title='bbox 468 3901 671 3995; x_wconf 89' lang='lat' dir='ltr'>sequentia,</span> <span class='ocrx_word' id='word_1_120' title='bbox 698 3901 875 3996; x_wconf 85' lang='lat' dir='ltr'>quomodo</span> <span class='ocrx_word' id='word_1_121' title='bbox 901 3902 1114 3997; x_wconf 74' lang='lat' dir='ltr'>explicanda</span> <span class='ocrx_word' id='word_1_122' title='bbox 1138 3905 1220 3976; x_wconf 86' lang='lat' dir='ltr'>sint.</span> 
     </span>
    </p>

    <p class='ocr_par' dir='ltr' id='par_1_8' title="bbox 246 4040 1414 4426">
     <span class='ocr_line' id='line_1_20' title="bbox 296 4040 1414 4140; baseline 0.001 -25"><span class='ocrx_word' id='word_1_123' title='bbox 296 4040 341 4115; x_wconf 88' lang='lat' dir='ltr'>In</span> <span class='ocrx_word' id='word_1_124' title='bbox 385 4043 443 4117; x_wconf 87' lang='lat' dir='ltr'>his</span> <span class='ocrx_word' id='word_1_125' title='bbox 479 4043 689 4119; x_wconf 88' lang='lat' dir='ltr'>enarrandis</span> <span class='ocrx_word' id='word_1_126' title='bbox 727 4043 943 4119; x_wconf 89' lang='lat' dir='ltr'>dissentiunt</span> <span class='ocrx_word' id='word_1_127' title='bbox 981 4046 1204 4140; x_wconf 88' lang='lat' dir='ltr'>interpretes.</span> <span class='ocrx_word' id='word_1_128' title='bbox 1252 4043 1414 4117; x_wconf 87' lang='lat' dir='ltr'>Primum</span> 
     </span>
     <span class='ocr_line' id='line_1_21' title="bbox 246 4185 1414 4286; baseline 0.001 -26"><span class='ocrx_word' id='word_1_129' title='bbox 246 4185 342 4260; x_wconf 88' lang='lat' dir='ltr'>enim</span> <span class='ocrx_word' id='word_1_130' title='bbox 375 4187 486 4260; x_wconf 87' lang='lat' dir='ltr'>verba</span> <span class='ocrx_word' id='word_1_131' title='bbox 520 4186 572 4259; x_wconf 91' lang='lat' dir='ltr'>ita</span> <span class='ocrx_word' id='word_1_132' title='bbox 596 4186 711 4282; x_wconf 86' lang='lat' dir='ltr'>aeeipi</span> <span class='ocrx_word' id='word_1_133' title='bbox 737 4196 885 4282; x_wconf 86' lang='lat' dir='ltr'>possunt</span> <span class='ocrx_word' id='word_1_134' title='bbox 911 4197 952 4261; x_wconf 90' lang='lat' dir='ltr'>ut</span> <span class='ocrx_word' id='word_1_135' title='bbox 974 4188 1121 4286; x_wconf 83' lang='lat' dir='ltr'>Mygale</span> <span class='ocrx_word' id='word_1_136' title='bbox 1146 4188 1193 4261; x_wconf 89' lang='lat' dir='ltr'>sit</span> <span class='ocrx_word' id='word_1_137' title='bbox 1215 4210 1308 4261; x_wconf 84' lang='lat' dir='ltr'>uxor</span> <span class='ocrx_word' id='word_1_138' title='bbox 1330 4209 1414 4282; x_wconf 90' lang='lat' dir='ltr'>pau-</span> 
     </span>
     <span class='ocr_line' id='line_1_22' title="bbox 247 4327 1414 4426; baseline 0 -24"><span class='ocrx_word' id='word_1_139' title='bbox 247 4328 343 4426; x_wconf 89' lang='lat' dir='ltr'>peris</span> <span class='ocrx_word' id='word_1_140' title='bbox 375 4328 526 4403; x_wconf 74' lang='lat' dir='ltr'>clientis.</span> <span class='ocrx_word' id='word_1_141' title='bbox 568 4327 664 4403; x_wconf 89' lang='lat' dir='ltr'>Huie</span> <span class='ocrx_word' id='word_1_142' title='bbox 702 4330 988 4426; x_wconf 86' lang='lat' dir='ltr'>interpretationi</span> <span class='ocrx_word' id='word_1_143' title='bbox 1015 4337 1056 4404; x_wconf 92' lang='lat' dir='ltr'>ut</span> <span class='ocrx_word' id='word_1_144' title='bbox 1081 4331 1178 4405; x_wconf 86' lang='lat' dir='ltr'>favet</span> <span class='ocrx_word' id='word_1_145' title='bbox 1204 4329 1414 4403; x_wconf 86' lang='lat' dir='ltr'>adverbium</span> 
     </span>
    </p>
   </div>
   <div class='ocr_carea' id='block_1_8' title="bbox 290 4606 556 4685">
    <p class='ocr_par' dir='ltr' id='par_1_9' title="bbox 290 4606 556 4685">
     <span class='ocr_line' id='line_1_23' title="bbox 290 4606 556 4685; baseline -0.008 -19"><span class='ocrx_word' id='word_1_146' title='bbox 290 4606 315 4683; x_wconf 92' lang='lat'>¹)</span> <span class='ocrx_word' id='word_1_147' title='bbox 336 4607 357 4666; x_wconf 86' lang='lat' dir='ltr'>l.</span> <span class='ocrx_word' id='word_1_148' title='bbox 377 4607 396 4665; x_wconf 94' lang='lat' dir='ltr'>l.</span> <span class='ocrx_word' id='word_1_149' title='bbox 417 4625 485 4685; x_wconf 84' lang='lat' dir='ltr'>pag.</span> <span class='ocrx_word' id='word_1_150' title='bbox 509 4607 556 4664; x_wconf 87' lang='lat'>30.</span> 
     </span>
    </p>
   </div>
   <div class='ocr_carea' id='block_1_9' title="bbox 0 0 1654 5474">
    <p class='ocr_par' dir='ltr' id='par_1_10' title="bbox 0 0 1654 5474">
     <span class='ocr_line' id='line_1_24' title="bbox 0 0 1654 5474; baseline 0 0"><span class='ocrx_word' id='word_1_151' title='bbox 0 0 1654 5474; x_wconf 95' lang='lat' dir='ltr'> </span> 
     </span>
    </p>
   </div>
  </div>
 </body>
</html>
