3300 5474
814 437 853 495 45

242 647 349 700 nerus
363 624 402 722 ¹).
432 623 663 718 „Quaedam”
690 623 808 698 reddit
834 625 943 699 verbo
964 622 1181 699 Germanioo
1197 621 1406 716 „Manobe’'‚

241 792 348 864 quam
385 767 685 862 significationem
728 767 795 842 boo
834 767 1047 841 vocabulum
1086 768 1194 840 etiam
1233 767 1410 860 singulari

241 932 388 985 numero
414 911 546 984 habere
571 910 784 983 nesciebam.
819 908 878 983 Ad
904 933 1027 984 vooem
1053 932 1146 1005 quae
1171 920 1226 983 est
1253 908 1409 1006 „parva”

242 1053 311 1127 hoo
343 1053 547 1127 adnotavit:
585 1076 720 1148 „parva
743 1076 791 1127 so.
819 1053 939 1126 animo
965 1063 1001 1125 01
1026 1075 1183 1147 oorpore.
1212 1051 1320 1125 Denn
1346 1052 1411 1124 mit

241 1196 322 1269 dem
361 1194 501 1289 Begriff
534 1194 598 1267 der
636 1193 832 1269 Sohbnheit
871 1195 1076 1269 verbanden
1110 1194 1169 1267 die
1204 1192 1314 1267 Alton
1341 1217 1410 1268 von

242 1336 378 1412 Homer
415 1361 460 1411 an
499 1337 666 1432 augleiob
705 1337 763 1411 die
798 1337 1034 1432 Vorstetlung
1068 1338 1132 1412 der
1165 1336 1317 1429 orosae,
1348 1336 1411 1409 der

241 1480 399 1572 Wiirde‚
427 1481 491 1554 der
516 1481 678 1576 gravitas
704 1482 773 1554 wie
799 1505 850 1554 vs.
881 1485 924 1554 17
929 1484 961 1554 8.
989 1481 1075 1556 Nun
1101 1481 1169 1555 soll
1190 1482 1277 1554 aber
1300 1503 1412 1576 parva

99 1712 107 1721 ¹
242 1623 408 1718 augleiob
442 1623 511 1696 den
547 1621 753 1717 Gegensatz
786 1647 831 1697 au
866 1624 946 1697 dem
979 1623 1311 1718 Vorausgebenden
1337 1630 1433 1695 001·

243 1766 384 1858 hulten,
423 1766 574 1860 folglioh
613 1789 711 1841 muss
744 1789 783 1840 00
816 1767 881 1840 das
915 1766 1134 1861 Gegentbeil
1150 1767 1225 1840 -der
1249 1766 1412 1860 gravitas

242 1910 420 1984 bedenten
446 1930 492 1970 =
515 1910 635 1982 animo
660 1909 832 2000 demissa,
861 1910 1092 2001 besoheiden‚
1121 1905 1410 2005 anspruohslos.''

245 2052 349 2143 Quae
381 2076 478 2127 nuno
511 2065 564 2126 est
591 2053 712 2148 opinio
739 2055 808 2126 viri
833 2053 956 2129 doeti?
990 2054 1103 2128 Estne
1127 2055 1294 2128 11001000
1317 2052 1411 2146 eogi-

241 2195 390 2269 tandum
425 2195 469 2268 de
500 2194 620 2269 animo
645 2218 690 2268 an
717 2196 760 2269 de
787 2198 946 2292 eorporis
973 2199 1148 2271 brevitate
1175 2220 1221 2270 an
1246 2197 1290 2270 de
1315 2205 1410 2270 utro

243 2336 342 2433 que?
402 2335 607 2412 Secundum
655 2360 698 2411 ea
734 2361 827 2433 quae
867 2339 960 2413 dixit
1003 2363 1114 2435 parvo
1151 2363 1229 2413 esse
1265 2360 1412 2435 oarpore

242 2480 371 2554 vitium
408 2488 472 2554 est.
517 2478 706 2576 Oppositio
744 2489 865 2555 autem
904 2481 1162 2555 adieetivorum
1199 2504 1291 2577 quae
1328 2489 1412 2555 sunt

244 2620 401 2718 „parva”
436 2629 472 2695 et
505 2645 598 2714 „non
623 2621 831 2696 toleranda'’
859 2646 921 2719 per
948 2625 1144 2718 partioulas
1172 2623 1338 2719 „quidem
1364 2667 1410 2676 -

241 2763 340 2856 sed”‚
366 2786 447 2837 oum
476 2786 569 2857 „non
595 2763 781 2837 toleranda
806 2763 967 2838 maritis”
995 2765 1039 2838 de
1065 2788 1103 2839 re
1129 2765 1409 2857 maledicatur,

240 2917 278 2982 te
302 2907 417 3002 dogit,
445 2914 485 2980 01
512 2904 668 3002 „parra”
696 2907 735 2980 in
761 2908 889 2980 bonam
915 2908 1071 3003 aeoipias
1098 2916 1245 3004 partem.
1286 2906 1411 3003 Sequi-

240 3059 301 3124 tur
326 3057 366 3124 ut
393 3048 549 3146 „parva”
577 3049 622 3123 de
646 3051 805 3145 eorporis
831 3051 1007 3124 brevitate
1032 3050 1104 3125 diei
1129 3075 1200 3125 non
1226 3052 1348 3147 possit.

290 3190 342 3266 At
373 3192 419 3265 de
452 3192 563 3266 animi
597 3193 788 3267 modestia!
825 3194 882 3268 Ne
915 3195 984 3269 hoo
1012 3195 1156 3290 quidem
1183 3218 1308 3269 verum
1334 3218 1412 3269 esse
1451 3270 1454 3276 .

240 3343 369 3433 potest.
397 3334 493 3409 Nam
519 3336 577 3409 fao
602 3337 776 3410 vocabulo
802 3345 923 3410 nostro
949 3336 1139 3411 benevim
1167 3338 1283 3411 inesse
1300 3297 1411 3432 (quod

241 3478 469 3551 vehementer
505 3477 651 3568 dubito,
691 3479 778 3573 quia
811 3500 918 3553 sensu
949 3480 1190 3574 metaphorica
1216 3480 1255 3552 in
1281 3482 1410 3553 malam

242 3619 354 3713 vulgo
376 3618 510 3693 dieitur
532 3628 687 3715 partem,
711 3621 756 3694 of.
771 3619 925 3695 Foroell.
940 3622 1007 3694 sub
1023 3618 1143 3718 roae),
1171 3629 1248 3695 tum
1263 3622 1412 3696 habebis

242 3761 565 3855 significationem,
601 3784 708 3857 quam
746 3764 778 3837 si
816 3764 1078 3859 comparaveris
1113 3786 1193 3838 oum
1229 3765 1292 3857 iis,
1319 3788 1412 3860 quae

242 3912 350 4002 poeta
382 3904 422 3978 in
453 3905 689 3999 sequentibus
713 3905 758 3978 de
783 3906 841 3979 bis
866 3906 1078 3980 mulieribus
1102 3907 1281 4002 copiosius
1306 3929 1410 4004 expo

241 4047 317 4141 nit,
352 4070 436 4122 mox
470 4046 610 4121 videbis
643 4047 709 4122 has
733 4048 896 4122 notiones
929 4048 1090 4122 adversis
1114 4050 1293 4143 frontibus
1317 4051 1411 4124 inter

240 4212 281 4264 se
308 4212 384 4264 esse
411 4189 604 4286 oppositas.
635 4187 696 4263 An
722 4213 783 4280 ea,
810 4213 904 4285 quae
929 4190 973 4265 de
997 4190 1240 4283 affectatione,
1267 4192 1411 4266 simula-

245 4333 361 4426 tione,
397 4333 603 4408 detestabili
636 4334 804 4430 placendi
838 4334 957 4409 studio
986 4342 1157 4409 memorat
1182 4343 1304 4431 poeta,
1327 4342 1411 4408 sunt

288 4634 395 4710 1)1.1.
417 4654 485 4714 pag.
508 4636 575 4694 131.
