3300 5474
793 460 833 519 65

687 754 747 815 VS.
771 755 938 813 ula-515.

743 967 884 1043 Chorus
910 969 1023 1042 intrat
1049 980 1085 1042 et
1110 970 1240 1063 ingens

380 1114 545 1205 semivir,
572 1113 726 1186 obscena
750 1112 861 1185 facies
888 1111 1085 1185 reverenda
1109 1113 1257 1203 minori,

381 1255 505 1329 mollia
528 1255 593 1349 qui
618 1264 722 1351 rapta
746 1255 861 1329 secuit
886 1255 1062 1350 genitalia
1088 1263 1182 1328 testa

381 1399 453 1472 iam
478 1397 628 1493 pridem.

276 1621 359 1695 Non
393 1620 567 1716 estquod
592 1617 871 1716 Heinrichius1)
901 1620 1083 1715 vituperet
1109 1620 1299 1694 lectionem
1325 1620 1399 1695 Ru-

225 1765 319 1862 perti
353 1785 418 1859 pro
454 1762 601 1859 „rapta”
638 1762 846 1836 conicientis
883 1763 1046 1857 „rupta'',
1082 1787 1166 1836 nam
1192 1763 1282 1855 loci,
1305 1745 1400 1858 'quos

225 1907 303 2003 ipse
327 1929 373 1980 ex
399 1905 565 2001 Vergilio
591 1905 694 1979 affert
720 1903 766 1978 ad
793 1904 982 2000 vulgarem
1008 1905 1179 1979 tuendam
1193 1906 1397 1996 lectionem,

225 2049 298 2122 huc
322 2070 393 2122 non
420 2049 610 2145 pertinent.
651 2047 709 2119 Ibi
735 2047 830 2120 enim
856 2045 901 2120 de
925 2048 1034 2120 celeri
1060 2055 1159 2121 motu
1184 2071 1300 2122 sermo
1325 2056 1398 2138 est,

179 2270 183 2277 ,
226 2198 349 2265 nostro
374 2191 454 2265 loco
480 2212 551 2264 nnn
577 2190 675 2263 item.

276 2333 387 2408 Notio
419 2333 539 2429 potius
572 2344 683 2406 acutae
715 2339 830 2406 testae
861 2332 946 2406 huie
972 2332 1050 2406 loco
1077 2334 1263 2423 convenit,
1290 2357 1399 2429 quarn

229 2478 410 2552 notionem
444 2477 542 2567 voci,
573 2483 748 2571 quaeest
775 2474 940 2570 „rupta’'‚
967 2475 1084 2548 inesse
1110 2498 1213 2549 nemo
1240 2477 1399 2572 negabit.

228 2619 403 2695 Conferas
427 2617 548 2694 Catul.
577 2623 634 2693 63.
661 2621 702 2692 5:
734 2618 910 2713 „devolsit
935 2619 997 2691 ilci
1022 2626 1128 2693 acuto
1154 2619 1225 2692 sibi
1242 2620 1401 2715 pondera

226 2762 363 2838 silice.''

689 2974 750 3035 VS.
774 2972 941 3034 557-564.

297 3269 299 3272 ¹
323 3179 547 3275 Praecipuus
571 3189 691 3253 tamen
717 3187 771 3253 est
796 3179 943 3271 horum,
970 3179 1034 3274 qni
1059 3180 1203 3274 saepius
1229 3182 1352 3274 exsul,

324 3323 428 3397 cuins
452 3323 613 3398 amicitia
638 3321 940 3416 conducendaque
966 3321 1103 3395 tabella

325 3485 479 3560 magnus
503 3465 595 3539 civis
621 3465 696 3538 obit
723 3473 759 3537 et
784 3463 998 3538 formidatus
1026 3461 1172 3537 Othoni.

324 3608 408 3681 inde
432 3606 522 3681 fides
548 3607 656 3699 artis,
683 3607 805 3680 sonuit
831 3607 863 3680 si
888 3605 1037 3680 dextera
1063 3607 1158 3679 ferro

324 3750 518 3845 laevaque,
545 3750 578 3823 si
604 3749 713 3844 longo
739 3756 938 3823 castrorum
963 3749 1001 3822 in
1029 3771 1170 3822 carcere
1196 3751 1336 3822 mansit.

324 3913 429 3965 nemo
454 3891 729 3965 mathematicus
754 3892 903 3987 genium
927 3891 1156 3966 indemnatus
1181 3891 1348 3965 habebit:

325 4035 388 4109 sed
413 4036 615 4131 qui-paene
640 4035 753 4131 perit,
781 4035 840 4109 cui
867 4036 929 4109 vix
955 4036 993 4108 in
1020 4033 1182 4134 Cyclada
1207 4034 1302 4108 mitti

325 4178 479 4274 contigit
506 4186 542 4252 et
566 4201 680 4274 parva
706 4177 850 4252 tandem
876 4178 1035 4252 caruisse
1060 4175 1222 4275 Seripho.

277 4407 357 4484 Hos
381 4432 509 4484 versus
533 4409 729 4505 diligenter
753 4410 817 4505 qui
843 4409 989 4504 legerit,
1022 4408 1162 4504 aliquid
1186 4409 1400 4506 supervacui

272 4662 296 4737 ι)
319 4661 381 4719 sat.
402 4659 468 4718 1uv,
492 4660 560 4720 vor.
583 4660 617 4718 11
639 4610 707 4739 pag.
730 4661 798 4718 ara

1263 4770 1276 4814 9
