3300 5474
810 433 850 492 93

291 622 474 698 Scholtius
490 622 517 720 ¹)
557 622 651 696 malc
688 644 753 718 prc
793 619 949 715 „ullam”
989 620 1109 717 posuit
1144 619 1288 714 „illam”
1324 620 1347 692 i.
1374 642 1405 693 e.

240 766 428 863 septimam
452 766 550 840 vitae
575 772 723 861 partem.
752 762 793 838 Si
819 765 913 837 enim
938 763 1147 859 „septimam
1160 763 1256 836 vitae
1270 771 1406 859 partem

241 932 312 983 nun
358 906 558 1002 attingere''
607 906 787 1001 significet
835 907 1044 1002 „septimam
1081 914 1219 1002 part-em
1257 906 1407 979 inertiae

241 1050 361 1141 dare’'‚
388 1050 539 1123 molesta
566 1048 650 1122 inde
675 1049 813 1122 oriatur
838 1049 1055 1143 tautologia3
1094 1048 1151 1122 sin
1176 1070 1261 1121 vero
1287 1057 1407 1122 nestro

241 1195 320 1268 loco
345 1193 585 1287 significaret,
612 1199 654 1265 ut
678 1191 774 1287 apud
799 1189 1009 1266 Ciceronem
1029 1191 1137 1265 Tusc.
1153 1189 1258 1287 Disp.
1273 1189 1405 1285 1§93:

245 1344 404 1432 „partem
442 1335 539 1408 vitae
576 1358 649 1408 non
686 1334 808 1407 vivere
846 1335 904 1406 vel
937 1341 1118 1407 mortuum
1151 1332 1262 1423 esse''‚
1302 1340 1408 1428 poeta

241 1478 459 1575 scripsisset:
502 1477 612 1572 „quin
644 1484 782 1573 partem
815 1476 913 1550 vitae
947 1498 1018 1549 uon
1051 1475 1175 1570 attigit
1208 1474 1343 1568 illam’'‚
1366 1483 1407 1548 ut

241 1620 487 1716 gradationem
521 1619 755 1716 exprimeret,
791 1617 887 1713 quod
917 1641 1013 1692 nunc
1037 1617 1122 1692 fecit
1147 1641 1211 1714 per
1238 1616 1405 1712 „ullam”

291 1764 400 1838 Nunc
424 1772 544 1837 antem
570 1763 733 1837 versibus
758 1761 891 1835 climax
917 1784 955 1833 re
981 1783 1066 1834 vera
1090 1761 1201 1834 inest:
1235 1762 1408 1858 septimus

242 1906 319 1981 dics
344 1912 398 1979 est
424 1905 580 2000 ignavus
605 1905 711 1977 itaut
724 1903 825 1977 nulla
840 1903 983 1976 omnino
997 1903 1141 1994 negotia
1154 1902 1406 1999 suscipiantur.

243 2048 329 2122 Duo
354 2047 529 2143 imprimis
554 2046 643 2136 loci,
669 2067 760 2140 quos
785 2043 948 2118 laudavit
975 2043 1105 2142 Mayor
1119 2043 1168 2142 ²),
1203 2044 1408 2119 conferendi

242 2200 345 2264 sunt:
372 2187 662 2284 Agatharchides
687 2189 730 2260 fr.
760 2190 803 2260 19
834 2185 886 2285 (in
912 2186 982 2261 Ios.
1006 2211 1035 2262 c.
1058 2186 1128 2284 Ap.
1149 2192 1180 2261 1.
1204 2187 1265 2286 22)
1292 2204 1408 2285 ,μρρεῑν

242 2333 393 2418 εἰθισμένοι
424 2325 458 2394 δι’
490 2324 617 2416 ἑβδόμης
647 2333 772 2417 ἡμέρας,
806 2338 854 2392 καὶ
872 2324 947 2415 μηδὲ
970 2338 1007 2393 τά
1027 2329 1102 2393 ὅπλα
1122 2326 1278 2413 βαστάζειν
1302 2342 1330 2393 έν
1354 2341 1409 2404 τοῖς

242 2470 391 2554 εἰρημένοις
422 2469 529 2554 χρόνοις
560 2469 633 2549 μήτε
662 2469 801 2552 γεωργίας
831 2463 980 2526 ἅπτεσθαι
1003 2469 1075 2549 μήτε
1099 2461 1189 2532 ἄλλης
1210 2461 1409 2550 ἐπιμελεῖσθαι

242 2599 413 2688 λειτουργίας
445 2592 604 2684 μηδεμιᾶς,
636 2594 699 2659 ἀλλ’
727 2601 754 2660 ἐν
787 2608 840 2670 τοῖς
863 2603 940 2686 ἱεροῖς
964 2601 1141 2670 ε’κτετοικὸτες
1165 2605 1216 2669 τοὶς
1240 2609 1339 2686 χεῖρας
1361 2597 1406 2660 εὔ-

241 2743 354 2828 χεσθαι
375 2745 462 2829 μέχρι
485 2751 536 2814 τῆς
555 2738 709 2828 ἑσπέρας.”
733 2730 783 2804 Et
809 2731 878 2805 Ios.
907 2755 937 2805 c.
963 2733 1033 2828 Ap.
1061 2735 1083 2805 2
1112 2746 1162 2821 ,,τό
1185 2745 1234 2827 μὲν
1254 2749 1312 2830 γάρ
1328 2737 1406 2823 σάβ-

243 2873 333 2959 βατον
357 2883 434 2939 κατά
456 2880 508 2942 τήν
532 2868 672 2938 Ἰουδαίαν
684 2868 832 2938 διάλεκτον
844 2881 1006 2947 οἰνοὶποινσίς
1019 2880 1095 2938 ἐστιν
1107 2880 1164 2938 dud
1176 2881 1280 2948 παντὸς
1292 2874 1407 2964 ἔργον.”

292 3007 458 3082 Lectioni
492 3007 654 3081 codicum
687 3009 785 3082 favet
815 3009 961 3104 insuper
988 3008 1089 3083 verbi
1113 3008 1251 3104 positus
1275 3008 1312 3081 iu
1337 3008 1409 3081 fine

244 3173 387 3242 versus,
415 3172 486 3244 quc
511 3150 553 3223 fit
577 3158 619 3224 ut
644 3150 874 3246 praecipuam
899 3150 1029 3224 habeat
1056 3151 1146 3243 vim3
1161 3150 1257 3245 quod
1277 3151 1409 3246 optime

245 3293 398 3388 quadrat
424 3293 461 3365 in
487 3315 610 3366 vocem
637 3291 805 3385 „ullam''‚
832 3292 985 3388 pessime
1010 3293 1048 3365 in
1076 3291 1221 3387 „illam”
1243 3292 1320 3366 sine
1333 3292 1409 3366 ulla

243 3436 280 3507 vi
305 3434 534 3509 efferendum.

701 3604 762 3665 VS.
786 3602 952 3664 187-188.

768 3790 966 3885 Peregrina
990 3790 1184 3886 ignotaque
1208 3790 1312 3863 nobis

268 3932 314 4008 ad
340 3933 457 4009 scelus
482 3942 591 4029 atque
616 3933 735 4025 nefas,
757 3954 993 4027 quaecunque
1013 3940 1085 4022 est,
1100 3955 1260 4028 purpura
1272 3931 1382 4006 ducit.

294 4165 511 4240 Weidnerus
525 4163 553 4262 3)
594 4165 717 4238 haeret
752 4164 790 4238 iu
831 4163 978 4239 vocibus
1017 4161 1185 4259 „ignota”
1224 4170 1260 4237 et
1295 4184 1409 4257 „quae

286 4415 311 4493 1)
330 4415 349 4473 l.
371 4414 391 4473 l.
413 4432 479 4492 pag.
503 4415 570 4472 101.

288 4521 313 4597 ²)
334 4522 353 4580 l.
375 4521 394 4579 Ι.
416 4540 444 4599 p.
467 4523 524 4580 311
547 4540 610 4598 sqq.

241 4709 243 4714 Ι
286 4625 312 4706 ξ)
333 4628 351 4685 l.
374 4628 393 4685 l.
415 4645 482 4706 pag.
502 4627 569 4686 284.
