3300 5474
808 453 846 515 73

291 644 478 720 Sententia
503 668 625 720 eorum
649 668 743 741 quae
765 644 983 742 praecedunt
996 651 1068 718 est:
1092 643 1123 718 si
1136 666 1276 717 summa
1289 641 1411 737 aequi·

241 796 316 863 tate
349 796 385 862 et
417 788 608 863 sanctitate
641 789 844 884 provincias
877 787 1033 878 rexeris,
1071 809 1110 860 re
1143 809 1229 860 vera
1258 785 1330 860 eris
1354 787 1411 859 vir
1488 871 1490 875 y

241 931 407 1028 princeps
440 940 476 1006 et
509 931 660 1006 nobilis:
691 953 806 1026 genus
832 931 942 1005 ducas
969 953 1033 1026 per
1058 952 1113 1003 me
1139 930 1262 1003 licebit
1288 953 1310 1002 a
1334 929 1411 1003 filio

242 1072 408 1166 Saturni,
439 1097 462 1148 a
486 1073 698 1165 Titanibus,
722 1074 768 1146 ab
794 1073 872 1169 ipso
898 1072 1121 1147 Prometheo.
1149 1071 1409 1168 Interpolator,

241 1240 323 1291 cum
355 1216 448 1290 nihil
482 1217 597 1291 maius
631 1215 762 1289 addere
794 1215 971 1312 potuerit,
995 1238 1067 1289 non
1092 1214 1277 1288 inridicule
1302 1223 1340 1288 te
1365 1214 1411 1288 ad

239 1359 353 1433 libros
377 1360 524 1455 relegat.
551 1357 794 1432 Ribbeckium
811 1355 838 1456 ¹)
868 1358 972 1432 video
998 1379 1141 1431 versum
1166 1357 1238 1430 iam
1252 1357 1408 1432 eiecisse.

700 1651 761 1712 VS.
783 1653 951 1712 lea-201.

779 1864 916 1956 Quanti
941 1888 1008 1940 sua
1032 1866 1160 1939 funera
1185 1866 1361 1959 vendant,

290 2011 378 2105 quid
403 2009 539 2084 refert?
564 2010 726 2084 vendunt
751 2010 853 2083 nullo
877 2016 1028 2104 cogente
1053 2008 1208 2083 Nerone.

288 2175 355 2226 nec
378 2152 546 2227 dubitant
571 2152 658 2226 celsi
684 2152 859 2248 praetoris
883 2151 1039 2226 vendere
1064 2151 1170 2227 ludis.

289 2294 386 2391 finge
416 2303 536 2369 tamen
560 2294 703 2390 gladios
727 2293 812 2368 inde
837 2302 947 2390 atque
972 2294 1058 2369 hinc
1082 2296 1233 2392 pulpita,
1250 2295 1352 2392 poni:

289 2437 378 2533 quid
403 2436 545 2512 satius?
569 2444 720 2511 mortem
744 2438 798 2512 sic
821 2437 1013 2533 quisquam
1038 2438 1245 2530 exhorruit,
1272 2447 1314 2512 ut
1339 2438 1387 2512 sit

289 2579 487 2678 Zelotypus
512 2580 725 2678 Thymeles,
752 2579 888 2676 stupidi
914 2581 1055 2676 collega
1081 2577 1275 2654 Corinthi?

289 2744 346 2796 res
371 2723 469 2797 haud
493 2723 586 2796 mira
610 2731 730 2797 tamen
755 2723 961 2797 citharoedo
988 2723 1150 2820 principe
1174 2724 1305 2798 mimus

289 2865 431 2939 nobilis.
457 2865 547 2940 haec
571 2866 669 2940 ultra
693 2865 783 2961 quid
809 2866 877 2940 erit
903 2865 974 2940 nisi
998 2865 1133 2941 ludus?
1159 2875 1196 2940 et
1219 2867 1298 2941 illic

288 3006 442 3082 dedecus
466 3009 569 3083 urbis
592 3007 723 3100 habes,
750 3031 816 3084 nec
841 3009 1080 3106 myrmillonis
1105 3009 1144 3083 in
1170 3009 1297 3103 armis,

287 3173 354 3225 nec
379 3151 493 3247 clipeo
519 3149 724 3226 Gracchum
749 3160 971 3247 pugnantem
997 3160 1061 3227 aut
1085 3154 1179 3226 falce
1202 3154 1342 3249 supina.

288 3399 449 3495 Egregie
483 3399 528 3473 de
562 3400 619 3475 his
654 3400 818 3476 versibus
847 3400 1048 3498 disputavit
1074 3401 1284 3498 Madvigius
1298 3401 1326 3501 ²)
1354 3403 1412 3477 vir

240 3543 284 3616 cl.
319 3548 445 3616 contra
478 3541 715 3638 interpretum
744 3544 976 3639 antiquorum
1005 3551 1041 3618 et
1066 3544 1263 3619 recentium
1290 3547 1411 3620 confu-

239 3684 357 3759 siones
382 3684 589 3781 perhibens,
615 3694 699 3760 ante
724 3710 776 3761 vs.
807 3690 877 3760 199
904 3686 949 3761 de
974 3686 1072 3761 ludis
1084 3687 1258 3762 scaenicis
1270 3695 1411 3763 tantum

240 3850 317 3901 esse
350 3849 566 3921 sermonem,
601 3851 673 3902 non
707 3828 794 3902 item
827 3829 872 3903 de
904 3829 1123 3925 gladiatoria
1148 3852 1281 3926 pugna.
1320 3831 1411 3907 Viro

239 3969 481 4044 eruditissimo
510 3969 828 4065 obtemperandum
854 3993 932 4045 esse
958 3971 1061 4045 docet
1086 3979 1185 4046 totus
1209 3979 1409 4048 contextus.

242 4111 391 4208 Ubique
421 4113 516 4186 enim
542 4111 587 4186 de
612 4135 742 4187 scaena
766 4135 881 4187 sermo
907 4121 980 4207 est,
1006 4121 1047 4187 ut
1072 4137 1125 4188 vs.
1154 4117 1222 4188 196
1248 4137 1411 4191 necnon

239 4278 291 4329 vs.
319 4258 400 4330 198.
432 4255 555 4330 Verba
579 4278 672 4351 quae
697 4263 782 4330 sunt
808 4256 958 4351 „quanti
984 4278 1052 4330 sua
1076 4257 1204 4331 funera
1228 4258 1408 4333 vendant'’

242 4457 399 4467 —--u-—

281 4551 306 4628 ¹)
327 4552 345 4610 l.
369 4553 388 4610 l.
410 4571 478 4630 pag.
500 4553 566 4611 132.

280 4657 306 4735 2)
326 4658 411 4718 Mad.
434 4658 528 4737 Opus.
551 4657 645 4718 Acad.
667 4659 701 4718 Π
724 4678 791 4737 pag.
814 4660 871 4717 181
894 4677 955 4736 sqq.
