3300 5474
807 435 847 494 52

238 624 426 719 quisitiore
458 647 566 719 quam
600 624 738 697 veriore
763 623 902 718 Bogeni
920 620 945 720 ¹)
982 624 1035 697 sie
1060 623 1278 697 enarrantis:
1307 646 1401 718 „ere-

239 767 355 862 pitant
380 767 472 862 pulli
498 789 578 841 eum
604 774 769 861 parentes
795 765 919 839 nidum
945 764 1179 840 salutavere.'’

288 907 457 1005 Superest
490 917 530 983 ut
559 909 715 982 rationes
742 907 887 982 reddam
913 908 1011 982 noeis
1036 930 1129 1002 quae
1155 915 1208 981 est
1240 906 1399 1002 „m0d0’'‚

238 1075 341 1126 seeus
378 1076 420 1126 ae
459 1053 569 1145 vulgo
606 1050 666 1142 fit,
706 1050 916 1145 explieatae.
967 1047 1047 1122 Hae
1080 1049 1258 1144 particula
1291 1052 1401 1145 vulgo

237 1193 463 1289 significatur
496 1217 539 1267 ea
571 1193 716 1288 quidem
750 1192 806 1281 id,
842 1191 938 1286 quod
972 1201 1104 1286 puncto
1126 1191 1293 1286 temporis
1317 1199 1401 1264 ante

238 1339 372 1410 fautum
397 1344 468 1426 est,
496 1335 558 1409 sed
583 1335 681 1408 haud
706 1335 759 1408 ita
783 1357 865 1407 raro
890 1333 935 1406 de
960 1333 1006 1406 iis
1019 1333 1184 1429 ponitur,
1198 1355 1291 1427 quae
1312 1333 1401 1407 satis

238 1478 375 1574 pridem
400 1486 606 1552 evenerunt.
634 1477 749 1552 Loeos
775 1478 919 1551 afferam
944 1478 1153 1568 nonnullos,
1181 1476 1313 1571 quibus
1335 1477 1401 1550 tali

237 1642 344 1693 sensu
370 1620 554 1693 invenitur
578 1619 674 1715 apud
699 1620 790 1692 alios
814 1619 1023 1715 scriptores:
1047 1615 1121 1692 Oie.
1136 1617 1181 1690 de
1193 1618 1265 1691 dir.
1282 1622 1313 1690 1.
1332 1621 1399 1692 44:

240 1761 383 1856 „m0d0‚
411 1761 565 1835 Marsico
591 1763 703 1854 belle,
730 1762 902 1855 templum
915 1759 1288 1834 estasenatulunoni
1301 1761 1401 1834 resti·
1477 1793 1479 1796 ·

238 1903 377 1978 tutum''
405 1905 428 1976 i.
455 1927 484 1976 e.
512 1908 558 1977 46
585 1905 688 1977 aunis
714 1912 815 1995 ante3
842 1903 923 1977 Liv.
951 1901 1007 1976 VI
1032 1905 1097 1976 40:
1123 1902 1176 1996 „si
1188 1902 1294 1976 hodie
1306 1903 1402 1977 bella

229 2054 339 2147 sunt,
366 2048 472 2141 quale
498 2045 681 2121 Gallicum
707 2046 832 2121 m0d0’'
858 2070 906 2121 se.
934 2049 981 2120 22
1007 2046 1110 2120 annis
1127 2054 1228 2139 ante3
1252 2043 1327 2120 Oie.
1342 2047 1400 2120 off.

238 2188 365 2262 1121:
395 2188 519 2281 „modo
545 2188 612 2262 hoe
636 2189 769 2262 malum
795 2189 832 2261 in
851 2189 1106 2284 rempublieam
1123 2188 1290 2280 invasit”,
1305 2189 1401 2283 quod

238 2331 467 2425 septuaginta
500 2331 571 2404 iam
605 2331 710 2404 annis
743 2338 825 2404 ante
858 2331 1059 2426 irrepserat.
1098 2328 1206 2426 Apud
1239 2338 1401 2406 nostrum

239 2480 379 2568 poetam
404 2472 498 2547 hane
522 2472 621 2546 voeis
646 2471 944 2566 significationem
970 2473 1212 2546 demonstrare
1236 2474 1295 2548 vel
1320 2473 1400 2548 ideo

239 2613 383 2687 diffieile
417 2622 488 2706 est,
524 2614 620 2708 qued
654 2615 860 2710 saepissime
893 2637 965 2710 quo
998 2622 1156 2710 tempore
1187 2637 1245 2689 res
1278 2623 1401 2710 gestae

238 2757 310 2830 sint
335 2779 406 2830 non
431 2757 520 2830 satis
545 2765 693 2830 constat.
731 2757 900 2831 Attamen
925 2780 997 2830 uno
1024 2758 1207 2851 alteroque
1234 2759 1310 2831 loeo
1337 2758 1399 2830 vix

238 2898 363 2972 dubito
396 2899 485 2993 quin
521 2900 628 2973 talem
662 2899 792 2972 habeat
823 2921 976 2973 sensum.
1020 2900 1064 2972 In
1088 2898 1161 2973 Sat.
1189 2899 1286 2973 VIII
1312 2902 1398 2974 238:

241 3041 322 3135 „hie
346 3064 461 3114 novus
486 3039 661 3136 Arpinas,
676 3040 847 3135 ignobilis
860 3048 896 3113 et
909 3040 1011 3114 modo
1025 3039 1160 3114 Romae
1172 3041 1400 3136 municipalis

238 3183 370 3278 eques''
404 3183 537 3256 dieitur
561 3181 698 3256 Cicero.
737 3181 886 3255 Romam
918 3183 1015 3255 venit
1040 3205 1149 3278 eques
1174 3184 1401 3280 municipalis

239 3333 318 3421 post
351 3324 486 3398 bellum
511 3324 704 3398 Marsicum
729 3347 822 3397 anuo
848 3326 893 3397 88
919 3324 1072 3398 finitum.
1109 3324 1261 3418 „Modo”
1287 3326 1401 3420 igitur

200 3525 203 3531 .
238 3467 394 3563 spatium
428 3466 595 3562 ampleeti
624 3473 740 3562 potest
766 3468 812 3539 25
837 3489 1021 3539 annorum.
1068 3465 1153 3542 Uno
1178 3476 1298 3542 autem
1321 3469 1400 3544 loeo
1501 3432 1503 3437 Ι

238 3608 332 3682 hane
356 3607 568 3681 sententiam
593 3608 673 3680 voei
700 3608 815 3681 inesse
841 3629 961 3681 omnes
986 3608 1074 3680 mihi
1092 3608 1239 3683 dabunt.
1265 3609 1309 3682 Iu
1324 3609 1398 3684 Sat.

239 3752 262 3824 2
288 3773 340 3824 vs.
369 3752 439 3823 160
463 3749 634 3843 legimus:
660 3773 781 3842 „arma
801 3750 944 3845 quidem
971 3752 1068 3824 ultra
1091 3752 1198 3824 litora
1222 3751 1400 3826 Iubernae

239 3892 480 3987 promovimus
508 3899 544 3963 et
569 3891 672 3965 modo
697 3900 820 3987 captas
845 3890 1039 3967 Orcadas.''
1067 3893 1201 3968 Notum
1227 3903 1280 3968 est
1292 3894 1399 3990 Agri-

163 4128 168 4137 Ι
240 4033 354 4108 uolam
385 4034 452 4106 has
485 4034 622 4107 insulas
656 4033 787 4108 adiisse
816 4035 909 4108 inter
946 4058 1057 4108 annos
1083 4023 1128 4108 78
1155 4043 1191 4109 et
1217 4038 1281 4128 84,
1316 4060 1398 4111 nam

239 4175 403 4270 sequenti
428 4198 521 4248 anno
546 4197 626 4249 eum
653 4199 674 4248 a
702 4174 909 4250 Domitiano
934 4185 1138 4252 revocatum
1158 4200 1236 4252 esse
1248 4188 1397 4254 eonstat.

241 4316 322 4407 Quo
355 4327 473 4390 autem
507 4324 663 4411 tempore
686 4316 774 4391 haee
801 4326 925 4391 satura
949 4317 1083 4413 scripta
1107 4319 1171 4411 sit,
1200 4327 1241 4394 ut
1267 4323 1397 4396 mathe-

284 4592 309 4669 ¹)
330 4591 444 4668 Bogen.
466 4591 547 4649 Dius.
570 4590 646 4649 Orit.
668 4609 736 4669 pag.
759 4593 805 4649 22.
