3300 5474
805 409 846 468 20

288 594 333 669 In
379 595 437 669 his
484 596 648 670 versibus
685 619 741 670 me
778 595 944 685 offendit,
983 595 1080 691 quod
1117 595 1156 668 in
1195 595 1412 670 secundaria

239 736 378 833 periodi
405 748 507 833 parte
531 741 729 835 perfectum
754 750 895 836 tempus
908 740 1092 813 invenitur
1105 740 1173 812 etsi
1186 740 1223 811 in
1238 738 1411 834 primaria

239 880 401 953 futurum
426 881 583 976 positum
608 891 680 974 est,
707 883 767 957 eui
792 882 962 977 loquendi
989 881 1093 955 modo
1117 889 1223 977 poeta
1243 903 1315 955 non
1338 881 1411 954 nisi
1509 982 1513 987 Π

240 1021 277 1095 in
302 1021 474 1097 hocloco
500 1023 660 1098 indulsit.
688 1023 745 1099 Of.
774 1024 951 1098 Kiaerum
978 1046 1060 1119 pag.
1088 1024 1171 1096 202.

288 1161 482 1240 Praeterea
514 1166 654 1261 aliquid
689 1166 771 1241 duri
805 1166 894 1238 mihi
922 1165 1039 1238 inesse
1066 1163 1210 1238 videtur
1235 1162 1411 1237 locutioni

242 1306 390 1399 „urbem
422 1302 612 1395 indulgere
645 1299 789 1397 pueris''
824 1322 889 1396 pro
926 1299 1050 1392 „urbis
1074 1298 1263 1372 illecebras
1287 1296 1411 1392 pueris

240 1443 467 1521 concedere.''
507 1442 639 1517 Nescio
676 1465 723 1515 an
761 1440 953 1536 legendum
991 1442 1056 1513 sit:
1098 1463 1203 1534 „nam
1241 1439 1273 1512 si
1310 1461 1412 1512 mora

241 1587 384 1683 longior
417 1611 528 1659 comm
565 1586 716 1657 indiderit
741 1585 799 1658 vel
824 1584 968 1655 obtuterit
995 1582 1150 1678 pueris''‚
1185 1591 1227 1656 ut
1252 1581 1341 1656 haec
1361 1580 1411 1654 sit

240 1730 438 1806 sententia:
478 1752 561 1802 nam
598 1729 632 1802 si
669 1751 769 1802 mora
807 1727 949 1822 longior
988 1726 1208 1800 occasionem
1238 1723 1411 1820 peccarufi

242 1874 363 1970 pueris
395 1871 618 1969 praebuerit,
654 1893 725 1944 non
763 1892 922 1965 uuquam
955 1869 1049 1943 derit
1083 1877 1238 1959 amator,
1274 1867 1412 1965 patrios

242 2039 358 2091 mores
381 2023 533 2106 exuent,
559 2036 706 2110 prorsus
730 2020 1012 2108 corrumpentur.

619 2801 897 2877 strunt
956 2803 1032 2878 ΙΙΙ.

713 3091 774 3153 VS.
795 3090 923 3151 37-40.

989 3304 1079 3378 Inde
1103 3306 1238 3379 reversi

342 3446 546 3523 conducunt
570 3448 719 3541 toricas3
747 3454 783 3521 et
808 3469 872 3522 cur
898 3470 970 3521 non
995 3447 1140 3522 omnia?
1165 3471 1247 3522 curn
1272 3449 1344 3523 sint

341 3590 467 3685 quales
492 3613 538 3663 ex
563 3590 692 3664 humili
717 3613 849 3684 magna
874 3589 919 3662 ad
945 3590 1094 3685 fastigia
1118 3613 1238 3665 rerum

343 3731 499 3825 extollit,
526 3732 692 3827 quotiens
719 3733 833 3807 voluit
858 3731 1022 3807 Fortuna
1045 3732 1167 3807 iocari.

294 3979 416 4055 Verba
449 3981 564 4056 otiosa
591 3990 648 4076 „et
673 4005 738 4056 cur
763 4005 835 4055 non
856 3981 1022 4057 omnia?”
1050 3983 1164 4056 iustas
1185 3983 1410 4079 corruptelae

244 4124 465 4221 suspiciones
502 4132 664 4217 movent,
703 4148 820 4220 neque
857 4127 975 4221 placet
1010 4124 1195 4201 Weidneri
1209 4124 1235 4223 1)
1273 4125 1422 4222 coniec*

245 4275 328 4342 tura
360 4267 515 4363 legentis
550 4266 725 4361 „omina'',
761 4268 931 4362 quoniam
966 4268 1022 4342 illi
1048 4268 1208 4342 homines
1232 4268 1410 4363 negotiosi

288 4605 313 4682 ¹)
335 4604 531 4665 Weidner.
555 4605 617 4663 Sat.
639 4606 704 4664 Iuv.
729 4625 797 4685 pag.
820 4608 867 4668 69.
