3300 5474
815 441 957 513 711Ι

250 632 400 706 dubium
445 631 602 728 positum
644 653 721 706 esse
754 630 878 722 eredo,
914 630 1064 704 verbum
1099 629 1196 724 quod
1219 636 1273 704 est
1301 627 1417 724 „alio”

250 774 458 849 mendosum
492 797 579 848 esse.
631 773 754 848 Verba
790 771 1047 868 „quocunque”
1082 780 1118 846 et
1159 771 1274 867 „ulio”
1314 772 1419 865 iungi

250 941 321 991 non
347 925 505 1013 possunt.
534 915 617 1008 Qua
642 938 729 991 voce
754 926 932 991 summota
953 916 1166 1013 exspectes:>
1184 938 1420 1013 ,quocunque

249 1062 294 1136 de
319 1062 496 1157 sanguine
521 1061 612 1136 civis
637 1061 776 1157 patriae
798 1060 1011 1157 contingit.’'
1039 1058 1131 1135 Oum
1146 1061 1285 1135 codices
1298 1067 1419 1135 cutem

249 1228 387 1279 summo
420 1225 595 1279 consensu
629 1203 774 1278 tradant
806 1201 1031 1298 „contingis”
1074 1201 1156 1300 (etsi
1182 1204 1293 1278 verba
1325 1225 1420 1298 quac

250 1356 335 1422 sunt
372 1369 456 1441 „seu
488 1355 528 1421 11
555 1344 736 1429 Silanus'',
772 1347 865 1435 male
890 1347 1074 1420 intellecta
1099 1353 1134 1419 et
1159 1345 1205 1420 ad
1231 1345 1420 1440 sequeutia

250 1491 382 1579 relata,
424 1512 533 1584 quam
572 1489 679 1562 facilc
716 1489 865 1562 librario
903 1489 1086 1585 potuerint
1111 1488 1343 1585 persuadere,
1379 1493 1420 1560 ut

254 1631 490 1726 „contingit”
513 1654 593 1705 cum
622 1630 847 1727 „contingis”
875 1631 1085 1705 mutandum
1111 1639 1288 1723 censeret,
1316 1650 1420 1703 nemo

250 1798 321 1849 non
348 1772 461 1871 videt)
489 1773 578 1847 haec
603 1774 710 1848 lectio
735 1774 923 1847 retinenda
947 1782 1011 1847 est.

299 1917 430 2012 Itaque
455 1916 685 1991 statuendum
713 1926 767 1990 est
792 1927 933 2012 poetam
959 1940 997 1990 se
1018 1916 1236 1990 convertisse
1258 1914 1420 1989 adillum

254 2058 480 2156 „procerem”
528 2061 638 2133 menti
684 2082 770 2134 1111
808 2060 927 2135 adhuc
965 2062 1231 2150 obversantem,
1272 2059 1421 2153 eiusque

251 2205 463 2299 imaginem,
491 2226 598 2298 quam
625 2204 696 2277 sibi
721 2203 846 2299 fingit,
871 2228 1010 2279 summa
1031 2205 1233 2278 reverentia
1254 2213 1290 2277 et
1303 2225 1422 2277 amore

251 2348 439 2421 salutasse.
468 2345 561 2420 Oum
586 2355 706 2420 autem
730 2346 955 2441 „contingis”
970 2347 1015 2420 ad
1029 2346 1221 2420 secundam
1234 2369 1421 2442 personam

252 2490 446 2584 pertineat,
482 2511 636 2584 cumque
671 2489 819 2563 affectui
851 2498 976 2585 poetae
1009 2490 1195 2585 aptissima
1220 2489 1268 2563 sit
1292 2489 1423 2562 iterata

251 2632 484 2727 apostrophe,
520 2654 647 2705 censeo
682 2655 746 2727 pro
783 2631 900 2724 „alio”
936 2632 1128 2727 legendum
1161 2655 1240 2706 esse
1276 2655 1319 2724 ,o
1344 2631 1419 2705 tu.''

249 2775 458 2848 Interiectio
484 2775 549 2847 illa
576 2775 613 2846 in
640 2775 801 2848 oratione
828 2774 951 2847 vivida
964 2782 999 2847 et
1012 2775 1207 2865 concitata,
1229 2783 1268 2848 ut
1282 2784 1420 2865 notum,

249 2926 302 2990 est
328 2917 574 2991 usitatissima.

300 3060 332 3134 E
364 3061 483 3135 verbis
511 3084 554 3155 „o
579 3059 654 3146 tu'',
684 3083 777 3155 quae
803 3061 898 3134 lectu
925 3060 1060 3133 1111111
1081 3060 1299 3152 difficiliora,
1314 3059 1423 3134 libra·

250 3205 328 3278 rius
365 3204 554 3300 imperitus
593 3207 776 3299 verbaque
815 3226 895 3278 cum
935 3204 1232 3300 praecedentibus
1269 3205 1423 3299 iungens

250 3348 358 3421 facile
383 3370 533 3443 pravam
559 3347 660 3420 illam
688 3347 876 3420 lectionem
902 3369 1028 3420 eruere
1053 3348 1179 3443 potuit.

301 3489 344 3563 E.
373 3488 418 3564 G.
447 3489 669 3587 Weberus1)
706 3491 763 3563 vir
788 3489 1017 3564 doctissimus
1042 3490 1087 3564 de
1116 3491 1287 3565 hocloco
1313 3491 1423 3565 verba

251 3633 389 3707 faciens
414 3656 494 3707 eum
521 3634 574 3707 sic
599 3633 777 3728 explicat:
803 3635 926 3727 „salve
940 3631 1131 3708 Gaetulice
1144 3606 1207 3708 seu
1221 3643 1262 3708 tu
1277 3631 1423 3710 Silanus

256 3775 320 3875 (et)
356 3799 572 3873 quocunque
605 3778 677 3851 alio
711 3778 754 3851 dc
780 3778 992 3872 sanguine.''
1033 3778 1140 3852 Dura
1163 3789 1218 3852 est
1242 3779 1421 3854 iunctura.
1509 3840 1513 3850 .

254 3918 408 4014 Insuper
443 3921 499 3993 vis
533 3921 729 3993 sententiae
760 3919 982 3996 debilitatur.
1023 3921 1109 3995 Post
1136 3923 1246 3996 verba
1273 3945 1358 4017 „seu
1383 3932 1424 3997 tu

257 4061 426 4137 Silanus’'
454 4086 559 4138 voces
587 4087 824 4159 „quocunque
851 4065 923 4138 alio
949 4066 994 4141 de
1018 4064 1217 4160 sanguine’'
1245 4066 1424 4141 11111111

253 4207 291 4279 11
328 4207 499 4300 languide
533 4216 807 4303 postponuntur.
845 4208 938 4282 Nam
964 4210 1002 4282 in
1027 4232 1100 4304 quo
1125 4211 1284 4284 exsultat
1308 4232 1423 4283 sermo

255 4358 384 4445 poetae
418 4359 472 4423 111
507 4350 593 4425 hoc:
623 4351 810 4446 „quisquis
835 4375 891 4445 es,
918 4374 1133 4448 quocunque
1158 4352 1203 4425 de
1228 4353 1422 4447 sanguine,

294 4653 319 4729 ¹)
347 4652 382 4710 E.
405 4651 444 4710 G.
465 4651 589 4712 Weber.
613 4653 677 4711 luv.
700 4653 761 4711 Sul.
785 4672 853 4733 pag.
875 4656 934 4713 289
955 4674 1018 4732 sqq.
