3300 5474
807 420 845 484 72

239 611 395 686 dominis
431 611 484 686 ita
520 612 737 686 mentionem
774 613 861 687 faoit
898 625 1002 709 poeta
1028 621 1186 705 tantum,
1221 622 1263 689 ut
1288 615 1405 707 dieat,

239 776 351 849 equos
378 755 518 848 „iuberi
531 763 670 828 mutare
683 753 880 848 dominos”;
903 755 1101 850 quidquod
1115 757 1178 829 vix
1193 757 1407 865 prodendum

239 904 295 969 est
319 896 426 969 vilem
452 919 584 992 equum
612 897 816 971 venditione
829 898 957 971 abavo
970 897 1016 971 ad
1029 906 1196 994 nepotem
1209 898 1408 994 migrasse?

289 1037 392 1129 Quas
416 1062 498 1114 oum
527 1042 580 1114 ita
604 1040 696 1132 sint,
723 1041 829 1114 unios
853 1040 943 1113 mihi
961 1041 1080 1136 plaoet
1093 1021 1200 1115 leutio
1217 1041 1406 1137 „nepotes”

239 1189 281 1255 ut
313 1182 491 1256 sententia
525 1183 591 1256 sit:
633 1183 828 1278 „maiorum
861 1183 931 1260 ibi.³
948 1205 1020 1257 non
1055 1192 1109 1256 est
1144 1192 1328 1280 respeotus
1363 1227 1410 1236 -—

238 1321 377 1397 ducunt
409 1324 569 1420 epiredia
594 1327 681 1401 trito
706 1327 798 1401 oollo
823 1308 1036 1423 segnipedes
1058 1297 1249 1400 'minores’'
1291 1324 1410 1416 Quam

240 1467 385 1562 egregie
411 1467 479 1542 hoo
503 1469 693 1543 conveniat
718 1492 799 1543 oum
823 1469 928 1543 initio
954 1469 1083 1544 horum
1109 1491 1296 1543 versuum:
1335 1469 1411 1561 „nil

239 1609 292 1682 ibi
316 1610 492 1684 maiorum
505 1620 706 1707 respectus,
724 1612 845 1706 gratia
856 1613 960 1685 nulla
971 1609 1214 1702 umbrarum''‚
1229 1633 1411 1706 quamque

239 1751 369 1825 eximie
402 1760 527 1848 poetae
560 1753 731 1849 loquendi
766 1776 854 1828 usus
891 1755 943 1828 ita
976 1761 1140 1828 servetur
1170 1756 1410 1829 membrorum

239 1894 333 1967 inter
345 1916 384 1968 se
396 1896 641 1991 oppositorum
655 1897 808 1971 alterum
821 1896 988 1992 ponentis
999 1897 1038 1970 in
1052 1897 1238 1993 principio,
1253 1899 1409 1972 alterum
1463 1957 1465 1965 ,

239 2036 278 2109 in
302 2035 374 2110 fine
400 2059 544 2129 versus,
580 2039 756 2111 neminem
781 2039 908 2133 fugiet.
948 2038 1044 2112 Tum
1070 2039 1243 2113 locutioni
1270 2040 1410 2135 „segni-

239 2178 347 2274 pedes
381 2178 549 2275 nepotes’'
585 2203 752 2274 magnam
786 2181 903 2254 inesse
937 2181 1108 2255 virtutem
1142 2181 1313 2256 oomioam
1339 2205 1411 2256 non

239 2321 414 2416 estquod
439 2343 611 2396 moneam.
639 2320 695 2396 Of.
724 2322 798 2397 Sat.
826 2323 906 2396 XII
934 2327 1016 2398 109.

719 2618 781 2678 VS.
802 2619 933 2679 85-8o

337 2812 485 2909 Dignus
510 2822 623 2887 morte
648 2815 761 2911 perit,
789 2824 891 2888 osnet
916 2815 1000 2888 lioet
1025 2822 1145 2889 ostrea
1169 2821 1313 2889 eentum

337 2953 513 3031 Gaurana
537 2964 573 3030 et
599 2954 720 3030 Cosmi
746 2963 822 3030 toto
848 2964 1033 3052 mergatur
1059 2978 1160 3031 aeno.

289 3168 360 3244 His
392 3170 581 3244 versieulis
614 3171 721 3245 faoile
756 3170 942 3245 caruerim.
982 3168 1187 3244 Admodum
1221 3170 1310 3243 mihi
1341 3170 1411 3246 dis·

239 3314 374 3408 plioent
406 3313 472 3387 illa
507 3321 648 3407 „ostrea
678 3313 843 3388 uentum'’
878 3322 914 3387 et
949 3322 1136 3407 unguenta
1170 3337 1299 3408 parum
1328 3322 1411 3410 apte

240 3456 404 3552 opposita
437 3456 652 3549 virtutibus,
689 3479 780 3552 quas
804 3465 910 3553 poeta
935 3457 1146 3531 memoravit
1171 3480 1223 3531 vs.
1252 3460 1410 3550 79-84,

241 3622 321 3673 oum
354 3599 476 3695 potius
509 3609 693 3695 exspectes
725 3600 864 3694 aliquid
886 3600 1004 3674 simile
1029 3600 1093 3691 iis,
1120 3623 1215 3696 quae
1239 3602 1413 3696 leguntur
1501 3571 1512 3588 ⁶

241 3765 292 3815 vs.
322 3743 483 3816 19-20:
513 3742 630 3836 „Tota
654 3743 739 3816 lieet
765 3751 904 3816 veteres
929 3752 1103 3816 exornent
1127 3744 1288 3839 undique
1310 3766 1412 3819 uerae

240 3883 370 3958 atria.”

290 4026 480 4102 Invehitur
505 4029 599 4101 enim
627 4029 666 4101 in
678 4027 747 4101 hao
760 4035 884 4102 satura
897 4028 936 4100 in
949 4027 1089 4102 nobiles
1104 4026 1222 4122 „alto”
1238 4026 1413 4102 maiorum

244 4177 452 4264 „stemmate
476 4170 689 4246 tumentes.'’

751 4401 812 4462 VS.
835 4403 904 4462 134.

317 4607 374 4681 De
398 4630 615 4704 quoeunque
641 4610 739 4683 voles
765 4630 938 4705 proavum
967 4607 1035 4681 tibi
1060 4608 1192 4681 sumito
1219 4610 1320 4683 libro.
