3300 5474
808 437 847 496 58

243 621 298 696 Ut
322 623 424 696 brevi
444 622 667 718 praecidam:
691 623 935 718 praedicatum
959 623 1055 719 quod
1083 633 1136 699 est
1161 625 1338 720 „linquit”
1353 648 1413 723 po·

240 764 350 838 situm
383 765 476 838 foret
509 786 588 860 pro.
605 765 689 858 „sed
713 765 845 839 iterum
871 765 1037 861 linquit”,
1064 766 1159 861 quod
1185 743 1257 840 non
1283 766 1409 842 admit-

242 907 389 981 tendum
414 915 478 981 est.

290 1048 383 1124 Oum
417 1072 542 1123 versus
571 1051 762 1124 uno-226
790 1051 829 1123 in
855 1051 1040 1125 nonnullis
1065 1051 1250 1125 codicibus
1275 1050 1412 1124 deside·

241 1200 383 1283 rentur,
418 1193 540 1287 itaque
573 1193 611 1265 in
645 1192 840 1290 archetypo
874 1194 1026 1267 fortasse
1059 1195 1156 1268 lectu
1192 1193 1414 1267 difficiliores

240 1336 392 1425 fuerint,
420 1358 491 1430 quo
516 1334 595 1407 fieri
620 1335 794 1430 potuerit,
809 1343 851 1409 ut
864 1337 992 1410 tertius
1011 1359 1151 1429 versus,
1166 1344 1291 1432 utpote
1306 1337 1412 1431 plane

240 1479 422 1570 foedatus,
462 1500 645 1573 nunquam
683 1486 763 1572 post
802 1478 840 1550 in
878 1487 1016 1553 textum
1044 1480 1279 1575 reciperetur,
1319 1477 1413 1551 sicut

240 1622 348 1694 etiam
386 1622 522 1694 factum
559 1643 637 1693 esse
675 1619 839 1693 videmus
871 1620 910 1693 in
945 1619 1019 1695 Sat.
1056 1621 1117 1695 ΙΙΙ
1153 1630 1233 1717 post
1267 1642 1411 1693 versum

239 1763 484 1853 undecimum,
514 1763 577 1837 ubi
604 1762 829 1837 Ribbeckius
854 1764 1018 1837 lacunam
1045 1764 1220 1839 indicavit
1246 1762 1411 1837 aIabnio

240 1906 279 1979 in
304 1913 443 1979 textum
470 1914 668 2000 receptum,
697 1905 761 1976 vix
786 1904 936 1979 dubium
955 1906 1133 1978 essemihi
1148 1905 1305 1998 videtur,
1321 1905 1411 2001 quin
1456 1967 1461 1982 ,

240 2056 323 2122 ante
362 2071 412 2122 vs.
448 2050 518 2121 227
559 2069 684 2120 versus
722 2047 914 2139 exciderit,
949 2048 1052 2121 cuius
1086 2048 1175 2122 haec
1197 2048 1272 2122 fere
1297 2049 1408 2122 fuerit

239 2191 435 2264 sententia:
478 2189 563 2285 ,sed
596 2212 668 2262 non
700 2188 763 2263 diu
797 2189 932 2285 gaudet
965 2191 1120 2281 amanti,
1145 2213 1227 2264 nam
1252 2189 1407 2265 iterum''

241 2335 299 2406 vel
325 2335 398 2406 tale
421 2332 520 2428 quid.

696 2563 757 2623 VS.
782 2563 949 2622 ast-238.

345 2785 504 2860 Abditus
527 2786 664 2859 interea
687 2786 776 2858 latet
802 2792 838 2858 et
863 2793 1022 2859 secretus
1048 2784 1210 2878 adulter,

346 2929 605 3024 impatiensque
631 2951 750 3001 morae
777 2936 884 3022 pavet
909 2935 945 3001 et
971 2929 1160 3024 praeputia
1185 2928 1295 3002 ducit.

288 3185 443 3259 Adulter
466 3185 613 3259 abditus
637 3186 675 3258 in
702 3185 806 3259 domo
831 3187 1017 3278 moechae,
1044 3186 1129 3261 dum
1156 3187 1244 3260 hora
1264 3211 1408 3283 exspec-

239 3337 315 3403 tata
340 3329 478 3420 veniat,
505 3326 639 3401 dicitur
654 3351 807 3423 „pavere
820 3329 1011 3424 impatiens
1028 3352 1149 3402 morae
1169 3337 1205 3403 61
1218 3330 1409 3427 praeputia

238 3470 402 3547 ducere.''
443 3469 546 3560 Quae
580 3472 691 3543 verba
719 3468 865 3568 (pavere
890 3479 925 3543 et
952 3495 1004 3566 pr.
1032 3471 1176 3570 ducere)
1206 3496 1287 3547 oum
1314 3473 1409 3546 inter

238 3639 276 3690 se
298 3638 368 3688 non
390 3613 644 3709 respondeant,
672 3623 707 3687 et
735 3614 910 3708 „pavere”
938 3617 1031 3687 male
1056 3614 1198 3688 dicatur
1211 3614 1256 3688 de
1270 3636 1329 3707 eo,
1344 3616 1408 3708 qui

238 3758 369 3832 amoris
401 3755 578 3830 desiderio
604 3756 781 3851 carpitur,
820 3755 1051 3830 iamdudum
1079 3759 1124 3830 ab
1150 3758 1409 3853 interpretibus

238 3900 283 3973 de
313 3900 465 3973 lectione
501 3897 653 3993 „pavet”
680 3897 884 3971 dubitatum
909 3906 974 3971 est.
1015 3896 1167 3973 Oodioes
1191 3923 1263 3973 non
1290 3900 1408 3994 magis

238 4043 474 4116 consentiunt.
501 4039 578 4113 Alii
603 4040 737 4113 babent
765 4039 928 4134 „pavet'',
950 4040 1032 4134 alii,
1048 4041 1142 4114 inter
1161 4064 1251 4136 quos
1264 4039 1407 4115 Pithoe

238 4208 329 4259 anus
354 4194 425 4276 est,
456 4182 593 4277 „silet”
624 4180 838 4255 Weidnerus
864 4181 1015 4264 coniecit
1031 4181 1157 4276 „ciet”,
1181 4182 1408 4258 Ribbeckius

241 4326 381 4420 ,salit’',
408 4325 502 4399 alius
529 4321 706 4417 „tremit”
733 4321 859 4395 Lectio
882 4320 1043 4395 codicum
1068 4323 1132 4418 qui
1157 4324 1329 4398 exhibent
1353 4325 1407 4419 „si

238 4468 310 4542 let’'
337 4467 528 4542 admodum
553 4475 607 4540 est
632 4463 806 4559 languida
832 4464 1027 4558 otiosaque.
1058 4464 1244 4538 Weidneri
1271 4467 1407 4541 conice

238 4618 321 4684 tura
346 4610 580 4704 tautologiam
608 4607 719 4705 parit,
747 4605 940 4678 Ribbeckii
966 4606 1052 4679 huic
1077 4606 1155 4678 loco
1181 4631 1307 4701 parum
1320 4617 1406 4704 apta
