3300 5474
801 439 840 498 lo

238 625 391 698 feminae
424 625 622 716 modestae,
659 634 743 701 sunt
768 628 929 701 mulieris
950 627 1043 700 nihil
1068 627 1138 701 sibi
1164 628 1407 722 postulantis?

240 765 278 841 Si
314 769 409 841 enim
443 768 636 863 diligenter
670 768 716 842 ad
743 771 853 843 verba
880 770 1054 859 attendis,
1083 770 1339 844 animadvertis
1364 771 1408 844 de

239 911 451 985 mulieribus
489 935 686 986 sermonem
724 935 819 1005 esse,
858 935 952 1007 quae
989 914 1154 986 omnibus
1180 913 1294 987 modis
1320 914 1408 986 viris

239 1054 380 1147 placere
405 1054 563 1148 cupiant.
593 1055 685 1128 Nam
712 1077 785 1149 qua
810 1077 849 1128 re
874 1077 1071 1128 sermonem
1100 1053 1280 1129 Graecum
1306 1057 1408 1130 affec

239 1193 342 1267 taut?
381 1193 488 1284 Quod
525 1197 632 1269 aliter
665 1198 840 1270 formosae
874 1220 944 1271 non
979 1206 1063 1270 sunt
1097 1197 1121 1270 i.
1156 1219 1186 1270 e.
1223 1198 1311 1271 viris
1338 1222 1408 1272 non

240 1338 392 1432 placent.
432 1340 628 1434 Propterea
660 1339 851 1435 quaepiam
885 1330 1023 1414 summo
1048 1339 1168 1414 studio
1194 1341 1343 1414 enititur
1368 1350 1408 1414 ut
1438 1440 1442 1453 Ι

239 1503 283 1552 ex
309 1479 471 1554 Tuscula
495 1481 518 1553 i.
546 1502 576 1553 e.
604 1502 649 1553 ex
675 1481 808 1554 femina
828 1481 1001 1577 simplici,
1025 1481 1183 1573 decenti,
1208 1483 1321 1556 malas
1334 1484 1408 1578 pla-

238 1621 342 1696 cendi
376 1631 471 1695 artes
505 1623 711 1719 aspernanti
749 1621 859 1721 (quod
885 1624 1031 1718 egregie
1057 1624 1253 1698 affirmatur
1280 1625 1406 1720 Epigr.

240 1763 345 1837 Mart.
385 1764 423 1836 X
460 1768 526 1857 68,
561 1787 633 1859 quo
666 1765 745 1838 loco
783 1764 827 1837 de
861 1766 1039 1838 consimili
1072 1767 1263 1840 mulierum
1288 1767 1407 1842 studio

239 1906 361 1999 agitur
371 1904 395 2004 ,)
424 1929 469 1980 ex
494 1907 656 1981 Tuscula
681 1907 779 1995 dico,
809 1905 991 1981 Graecula
1016 1909 1079 1981 fiat
1105 1910 1127 1981 i.
1155 1932 1185 1982 e.
1212 1910 1408 1984 secundum

240 2049 424 2123 Iuvenalis
449 2049 494 2123 de
520 2048 672 2124 Graecis
697 2051 901 2145 opinionem
914 2051 1047 2123 femina
1060 2051 1170 2143 levis,
1198 2052 1406 2138 inhonesta,

238 2192 430 2288 impudica.
458 2191 515 2267 Of.
542 2216 594 2266 vs.
624 2197 712 2266 191:
742 2194 1005 2286 „concumbunt
1030 2192 1204 2267 Graecc.”

290 2333 525 2429 „Quaedam”
552 2335 667 2428 igitur
692 2335 737 2409 de
762 2337 869 2409 rebus
894 2335 1177 2430 intellegendum
1200 2343 1271 2409 est:
1296 2337 1409 2429 „vitia

239 2478 437 2573 quaedam,
472 2479 639 2572 quamvis
673 2502 786 2573 parva
810 2501 886 2552 esse
912 2477 1120 2570 videantur,
1148 2486 1267 2551 tamen
1291 2502 1313 2551 a
1338 2502 1396 2551 ma

241 2621 321 2693 ritis
347 2620 494 2694 tolerari
520 2618 737 2714 nequeunt.”

702 2975 761 3036 VS.
786 2978 949 3035 192-199.

290 3226 403 3299 Tune
436 3225 563 3317 etiam,
590 3247 697 3319 quam
724 3233 848 3322 sextus
873 3233 908 3298 et
933 3226 1196 3319 octogensimus
1220 3249 1337 3299 annus

290 3370 428 3463 pulsat,
464 3369 583 3442 adhuc
603 3368 758 3461 graece?
784 3392 855 3442 non
882 3376 935 3442 est
964 3368 1024 3443 hic
1048 3392 1163 3442 sermo
1189 3353 1341 3464 pudicus

290 3511 328 3583 in
354 3513 487 3585 vetula.
529 3509 705 3601 Quotiens
730 3512 905 3586 lascivum
931 3512 1124 3585 intervenit
1149 3512 1241 3586 illud

293 3665 353 3736 ζωή
377 3671 425 3726 καὶ
448 3661 547 3749 ψυχή,
572 3653 677 3728 modo
709 3655 777 3728 sub
810 3653 926 3727 lodice
960 3653 1095 3727 relictis

292 3797 406 3870 uteris
431 3798 468 3870 in
495 3799 619 3888 turba3
646 3796 742 3891 quod
767 3797 862 3870 enim
886 3819 957 3869 non
983 3797 1114 3871 excitet
1138 3797 1273 3889 inguen

292 3961 361 4011 vox
391 3939 525 4013 blanda
549 3948 585 4012 et
609 3937 789 4033 nequam?
814 3939 947 4034 digitos
960 3939 1079 4013 habet.
1103 3950 1144 4013 ut
1157 3947 1275 4012 tamen
1289 3962 1410 4013 omnes

293 4081 481 4170 subsidant
507 4081 655 4176 pinnae:
683 4080 782 4154 dicas
807 4080 895 4155 haec
918 4081 1063 4155 mollius
1089 4080 1226 4156 Haemo

290 4245 498 4317 quanquam
524 4231 559 4296 et
585 4220 837 4320 Carpophoro,
868 4225 977 4297 facies
1003 4231 1067 4297 tua
1091 4230 1273 4318 computat
1286 4246 1408 4296 annos.

291 4471 430 4546 Versus
466 4480 550 4545 sunt
588 4471 820 4546 vexatissimi.
859 4470 944 4546 Huc
976 4493 1090 4566 usque
1122 4470 1280 4546 nondum
1314 4457 1410 4546 recte

244 4614 401 4687 enarrati
435 4636 512 4687 csse
546 4613 723 4687 videntur.
760 4611 894 4687 Omnes
918 4614 1131 4709 interpretes
1155 4637 1305 4710 magnas
1329 4615 1409 4687 reli-
