3300 5474
803 447 841 505 75

242 642 389 731 pugnat.
438 633 544 725 Quod
591 635 766 709 insulsum
805 643 869 707 est.
917 633 1041 707 Facile
1081 633 1234 730 patebit,
1258 631 1410 726 „ludus”

241 779 458 872 generaliter
483 777 617 851 <lictum
644 800 721 850 esse
746 777 790 850 de
816 776 902 850 ludo
914 777 1145 871 gladiatorio,
1161 785 1195 849 et
1209 775 1413 872 specialiter

241 920 365 994 addita
390 943 466 994 esse
493 923 603 995 verba
631 943 719 1014 „nec
735 919 975 1018 myrmillonis
989 919 1026 991 in
1041 919 1172 992 armis''
1189 941 1261 1013 eqs.
1289 917 1411 991 Primo

241 1087 356 1158 genus
379 1065 518 1137 notavit
544 1072 666 1160 poeta,
694 1072 771 1136 tum
802 1062 956 1158 speciem
982 1062 1188 1157 descripsit,
1216 1069 1256 1134 ut
1281 1061 1346 1134 sit:
1373 1061 1411 1132 in

242 1227 386 1277 arenam
417 1205 601 1279 descendit
646 1214 682 1278 et
720 1205 816 1300 quod
853 1205 1002 1300 gravius
1040 1213 1112 1296 est,
1148 1202 1331 1278 descendit
1356 1214 1410 1276 tu-

241 1347 392 1421 nioatus.

290 1491 398 1583 Loci,
426 1491 472 1564 ad
496 1514 587 1586 quos
612 1499 783 1587 provocat
809 1490 1010 1582 Scholtius,
1037 1515 1060 1564 a
1085 1513 1164 1564 mea
1179 1490 1301 1586 potius
1313 1496 1410 1563 stant

241 1642 361 1729 parte,
397 1659 481 1708 nam
513 1657 606 1729 quae
621 1700 623 1703 .
641 1633 728 1708 dicit
761 1634 805 1707 de
831 1634 948 1707 tribus
974 1633 1192 1728 ignominiae
1216 1632 1408 1728 gradibus:

244 1776 420 1871 ,primum
455 1785 494 1850 ut
528 1777 609 1871 quis
636 1776 672 1848 in
699 1799 863 1850 scaenam
890 1743 1075 1871 prodiret,
1094 1771 1170 1849 tum
1197 1776 1243 1849 ad
1268 1776 1409 1870 galeam

240 1918 428 2008 transiret,
464 1919 607 1991 tandem
642 1928 682 1993 ut
718 1919 900 1992 tunicatus
929 1919 967 1990 in
993 1941 1102 1991 arena
1127 1916 1339 2013 pugnaret',
1367 1940 1410 1991 ca

241 2082 312 2133 non
338 2062 473 2157 scripta
498 2069 582 2134 sunt
607 2050 926 2150 aFriedlandero',
950 2061 1211 2155 quemlaudat3
1227 2062 1409 2159 verbaque

242 2201 399 2277 Senecae
435 2202 597 2302 (Quaest.
633 2203 719 2278 Nat.
747 2202 823 2276 VII
848 2227 877 2276 o.
906 2202 966 2300 31)
1004 2203 1064 2278 lric
1088 2203 1216 2277 habes:
1259 2202 1410 2297 „deinde

240 2347 307 2420 sub
342 2368 493 2442 persona
524 2369 605 2421 cum
635 2345 697 2420 diu
731 2347 818 2419 trita
851 2347 949 2419 frons
974 2353 1046 2437 est,
1077 2347 1252 2420 transitur
1276 2347 1323 2421 ad
1348 2371 1409 2442 ga-

239 2489 367 2562 leam.'’
404 2488 531 2584 Itaque
565 2490 604 2562 hi
630 2496 739 2563 testes
763 2488 888 2562 dicunt
914 2511 936 2560 a
961 2511 1091 2562 scaena
1115 2489 1307 2563 transitum
1332 2512 1409 2562 esse

241 2631 286 2704 ad
311 2645 473 2723 arenam,
502 2632 593 2705 nihil
619 2633 712 2728 plus.

291 2773 507 2848 Weidnerus
554 2775 643 2870 legit
673 2773 840 2868 „ludius”
866 2775 962 2869 quod
990 2773 1121 2867 „ludus
1145 2774 1407 2869 gladiatorius’'

241 2917 371 3012 opponi
396 2939 467 2990 non
492 2917 606 3013 possit
633 2919 763 3012 „mimo
789 2916 937 2991 nobili.’'
965 2915 1063 2990 Num
1089 2940 1174 2991 vero
1200 2917 1289 2991 haec
1316 2919 1409 2991 inter

240 3080 279 3132 se
300 3059 463 3154 opposita
486 3059 595 3134 sunt?
630 3058 723 3150 Quis
747 3083 829 3134 eum
851 3061 918 3134 hoo
939 3060 1098 3155 cogitare
1124 3059 1267 3155 coegit?
1297 3058 1409 3135 Poeta

243 3200 355 3274 dixit:
385 3202 494 3296 „quid
521 3202 590 3276 erit
614 3204 712 3277 ultra
737 3205 813 3276 boec
837 3203 907 3276 nisi
941 3202 1095 3277 ludus?''
1114 3204 1138 3276 i.
1153 3226 1182 3276 e.
1196 3203 1285 3298 quid
1298 3213 1409 3278 restat

241 3344 337 3417 ultra
362 3343 428 3417 has
452 3352 548 3419 artes
572 3345 754 3419 scaenicas
780 3346 850 3418 nisi
873 3368 1003 3419 arenae
1026 3346 1203 3420 foeditas?

696 3602 757 3662 vs.
780 3602 947 3683 nar-258.

345 3824 515 3901 Plebeiae
540 3826 737 3901 Deciorum
763 3828 921 3919 animae,
948 3827 1090 3923 plebeia
1114 3829 1260 3902 fuerunt
1381 3846 1383 3850 ’

344 3970 506 4044 nomina:
533 3993 598 4066 pro
624 3971 709 4044 totis
734 3970 939 4065 legionibus
964 3971 1003 4043 hi
1028 3979 1147 4044 tamen
1171 3979 1207 4044 ct
1232 3994 1297 4066 pro

346 4113 511 4188 omnibus
537 4114 685 4188 auxiliis
709 4123 818 4208 atque
844 4113 941 4187 omni
966 4114 1062 4208 pube
1086 4112 1220 4186 Latina

344 4255 525 4330 sufficiunt
551 4256 607 4329 dis
633 4256 783 4329 infernis
808 4262 994 4350 terraeque
1019 4255 1177 4351 parenti:

309 4386 314 4398 ¹
345 4399 460 4494 pluris
485 4400 580 4472 cuim
606 4398 732 4491 Decii,
759 4421 867 4494 quam
892 4420 986 4493 quae
1009 4406 1200 4472 servantur
1225 4398 1271 4471 ab
1296 4396 1381 4470 illis.

287 4629 473 4704 Postrema
519 4633 697 4704 sententia
741 4640 820 4727 post
855 4652 898 4704 ea
943 4652 1036 4725 quae
1077 4631 1295 4725 praecedunt
1336 4653 1408 4703 non
