3300 5474
974 412 1014 472 10

403 603 631 677 damnatione
664 602 844 677 effeeerint
877 609 917 676 ut
946 603 1008 675 ille
1041 602 1166 697 spoliis
1200 602 1272 676 frui
1307 611 1442 697 posset,
1480 602 1570 676 dum

404 753 480 819 teta
505 744 691 841 provineia
716 745 887 840 ploraret.

455 885 524 972 His
555 887 674 961 causis
705 886 882 961 adductus
915 908 1040 960 eenseo
1075 887 1120 959 iis
1154 885 1355 975 eedieibus,
1383 886 1446 980 qui
1471 886 1572 958 exhi-

405 1032 490 1104 bent
533 1029 614 1124 „at”
654 1027 971 1124 obtemperandum
1009 1034 1098 1101 esse.

453 1172 606 1268 Insuper
643 1171 878 1245 conferendus
902 1181 956 1244 est
981 1168 1055 1243 Sat.
1084 1169 1144 1242 ΙΙΙ
1171 1193 1224 1243 νε.
1255 1172 1338 1242 246.

457 1314 538 1388 Non
571 1321 691 1387 tamen
727 1312 903 1387 assentior
948 1312 1267 1399 Heokermann01)
1318 1333 1399 1384 eum
1448 1309 1575 1383 iisdem

404 1456 588 1530 esdieibus
624 1456 759 1551 legenti
799 1455 981 1552 „premat”
1025 1465 1060 1529 et
1096 1455 1228 1529 dieenti
1267 1453 1481 1528 sententiam
1520 1460 1578 1547 „et

406 1597 466 1672 hie
501 1642 546 1652 —
580 1598 723 1694 pleras’'
757 1621 828 1671 non
862 1598 1017 1694 pendere
1051 1622 1074 1670 a
1108 1597 1360 1670 eeniunetiene
1387 1594 1514 1689 „eum”
1542 1605 1578 1668 et

406 1740 560 1815 conferri
595 1741 734 1815 iubenti
773 1731 915 1814 versum
953 1740 1061 1814 huius
1098 1748 1243 1814 saturae
1284 1743 1340 1812 69.
1390 1737 1485 1812 Nam
1524 1737 1576 1810 ibi

408 1880 476 1981 (vs.
503 1885 548 1956 69
575 1881 669 1981 dieo)
698 1905 791 1957 nova
816 1882 943 1979 incipit
969 1882 1165 1974 sententia,
1202 1889 1324 1955 nestro
1349 1889 1470 1956 autem
1497 1881 1576 1954 1000

405 2024 499 2099 duae
523 2025 721 2099 sententiae
746 2025 925 2120 particula
950 2047 1045 2119 quae
1071 2034 1125 2098 est
1150 2023 1252 2119 „at’',
1279 2024 1356 2116 vel,
1384 2023 1416 2097 si
1443 2023 1574 2115 mavis,

409 2169 509 2265 „et’',
549 2178 657 2263 atque
695 2168 841 2263 insuper
879 2168 1009 2241 iterato
1048 2165 1229 2240 adverbio⁴
1261 2164 1363 2260 „hie”
1400 2165 1453 2238 ita
1477 2173 1575 2239 arete

408 2313 598 2386 cohaerent
620 2319 661 2384 ut
681 2310 808 2383 divelli
830 2333 901 2383 non
927 2311 1065 2405 possint
1092 2318 1127 2381 et
1154 2308 1353 2383 necessarie
1379 2309 1426 2381 ab
1453 2307 1576 2381 eadem

407 2454 657 2529 coniunctione
680 2453 858 2549 pendeant
884 2476 964 2527 eum
992 2452 1188 2526 indicative
1214 2452 1348 2525 iuneta.

456 2596 540 2672 Non
564 2597 680 2692 magis
705 2595 832 2670 audias
857 2595 1092 2692 Rupertium‚
1132 2595 1178 2669 ad
1201 2618 1252 2668 νε.
1276 2592 1576 2667 4700nieienten1

409 2738 628 2836 „plorantis”
677 2761 741 2835 pr0
790 2738 1028 2834 „prostantis”
1077 2737 1171 2833 qued
1210 2736 1296 2810 ferri
1335 2735 1435 2809 nullo
1472 2735 1576 2808 mede

406 2889 522 2978 petest
546 2890 692 2979 propter
711 2882 933 2978 provinciam
960 2904 1042 2956 mex
1070 2881 1282 2976 plorantem.

886 3282 946 3342 Vs,
969 3283 1098 3341 63-68.

507 3530 636 3606 Nonne
660 3532 749 3607 libet
774 3532 890 3606 medie
915 3555 1015 3606 ceras
1041 3531 1190 3627 implere
1217 3553 1366 3626 eapsees

504 3675 712 3771 quadrivio,
739 3698 821 3750 eum
846 3675 918 3749 iam
944 3682 1047 3748 sexta
1072 3674 1210 3748 eerviee
1236 3675 1392 3766 feratur,

505 3817 590 3892 hine
613 3826 720 3914 atque
744 3818 828 3892 inde
853 3825 980 3914 patens
1004 3841 1047 3891 ae
1072 3815 1170 3890 nuda
1194 3838 1307 3913 paene
1332 3816 1502 3890 cathedra

505 3969 540 4033 et
564 3961 718 4051 multum
743 3961 901 4035 referens
925 3960 971 4033 de
996 3924 1204 4034 Maecenate
1230 3959 1358 4054 supine

505 4102 667 4197 signator
692 4103 797 4192 false,
824 4101 887 4196 qni
912 4125 951 4176 se
976 4102 1114 4175 lautum
1141 4110 1250 4196 atque
1275 4102 1419 4175 beatum

505 4243 648 4338 exiguis
674 4243 808 4317 tabulis
833 4251 868 4316 et
893 4266 1036 4339 gemma
1062 4243 1195 4316 fecerat
1223 4242 1319 4317 uda?

408 4477 568 4486 —n—

451 4600 474 4678 1)
496 4598 574 4659 Vide
597 4599 796 4658 fleckerm.
819 4597 871 4657 der
892 4599 973 4658 Pith.
997 4597 1069 4658 eod.
1094 4618 1159 4677 peg.
1184 4601 1213 4657 3.
