3300 5474
736 441 848 502 ‘la

245 635 389 708 videtur
413 657 521 729 quam
541 656 631 728 gens
652 632 823 706 Latonae.
851 630 1002 706 Constat
1019 632 1115 705 enim
1128 654 1202 703 rem
1216 652 1415 726 possessam

243 779 394 852 alterius
418 776 597 850 interdum
623 799 695 850 non
716 776 914 871 comparari
936 798 1017 847 eum
1036 798 1074 846 re
1088 797 1251 870 possessa
1264 775 1415 847 alterius

244 921 306 995 sed
339 943 420 994 oum
453 920 521 993 hoo
553 921 667 993 altero
700 920 788 1014 ipso.
825 917 998 991 Oonferas
1033 915 1135 991 Caes.
1163 917 1204 989 B.
1232 914 1329 990 Gall.
1358 914 1415 988 VI

244 1062 332 1159 Oap.
368 1066 434 1136 22:
471 1071 533 1158 „ut
563 1062 674 1135 animi
698 1062 879 1156 aequitate
905 1061 1045 1156 plebem
1074 1061 1298 1146 contineant,
1330 1081 1412 1132 oum

243 1229 328 1280 suas
372 1207 524 1301 quisque
563 1228 647 1300 opes
684 1227 765 1279 eum
801 1205 1023 1300 potentissimis
1060 1204 1208 1298 aequari
1247 1201 1412 1292 videat’';

243 1348 331 1444 Gap.
370 1351 435 1421 27:
476 1348 626 1442 „harum
664 1357 717 1420 est
749 1347 946 1420 consimilis
980 1348 1085 1442 capris
1116 1344 1278 1439 figura’';
1334 1345 1412 1446 lun.

244 1489 318 1565 Sat.
353 1490 435 1564 IIII
471 1492 536 1563 75:
571 1492 641 1583 „dis
675 1513 791 1584 aequa
823 1487 1014 1584 potestas',
1050 1496 1085 1560 et
1121 1487 1177 1561 Vl
1201 1491 1291 1560 413:
1326 1509 1415 1580 „neo

243 1644 362 1707 tamen
396 1633 433 1706 id
469 1633 597 1706 vitium
632 1633 746 1726 magis
771 1631 998 1704 intolerabile
1018 1653 1126 1724 quam
1151 1653 1244 1725 quae
1274 1631 1414 1703 vicinos

243 1798 367 1871 rapere
388 1774 500 1849 solet''
523 1776 546 1848 i.
569 1797 598 1848 e.
624 1797 754 1869 „quam
775 1796 817 1846 ea
829 1773 978 1864 femina,
1002 1764 1117 1867 quae’'
1133 1780 1219 1863 ete,
1241 1773 1305 1846 ubi
1319 1772 1412 1845 ratio

242 1919 465 2013 postulabat:
495 1916 554 2010 „id
581 1917 709 1989 vitium
736 1938 807 1988 non
831 1923 884 1988 est
911 1915 1026 2008 magis
1051 1914 1279 1987 intolerabile
1304 1936 1412 2008 quam

243 2061 372 2133 vitium
417 2060 496 2132 eius
542 2060 694 2131 feminae
740 2080 833 2152 quae
878 2057 977 2152 sqq.”
1023 2054 1155 2131 Confer
1195 2058 1303 2130 etiam
1337 2054 1412 2129 Sat.

130 2297 134 2302 ⁵
244 2181 420 2276 vulso.

704 2459 764 2519 Vs,
788 2459 955 2519 178-181.

289 2705 382 2778 quae
406 2683 498 2756 tanti
522 2682 702 2778 gravitas,
729 2704 821 2776 quae
846 2683 977 2772 forma,
1005 2689 1045 2755 ut
1070 2704 1109 2754 se
1130 2681 1197 2754 tibi
1220 2649 1361 2776 semper

289 2824 466 2922 imputet?
491 2825 600 2898 huius
625 2824 719 2897 enim
744 2825 818 2896 rari
843 2825 1043 2918 summique
1068 2825 1236 2918 voluptas

289 2971 391 3042 nulla
416 2969 518 3060 boni,
545 2968 709 3062 quotiens
734 2967 852 3040 animo
878 2975 1047 3062 corrupta
1071 2967 1225 3061 superbo

289 3113 371 3207 plus
395 3111 492 3184 aloes
515 3132 624 3204 quam
649 3109 766 3182 mellis
792 3109 913 3182 habet.

288 3341 442 3414 Plurimi
474 3341 685 3435 interpretes
718 3362 769 3413 vs.
799 3342 843 3411 17
848 3341 869 3411 8
895 3338 948 3411 sio
972 3339 1172 3434 explicant:
1211 3363 1325 3434 „quae
1352 3364 1413 3414 no-

240 3486 381 3577 bilitas,
406 3506 499 3578 quae
524 3485 639 3557 forma
665 3482 757 3555 tanti
783 3490 837 3555 est
864 3482 950 3573 tibi,
978 3490 1019 3554 ut
1046 3504 1160 3576 aequo
1187 3483 1306 3556 animo
1319 3484 1413 3556 feras

242 3650 406 3719 uxorem,
440 3648 533 3721 quae
565 3648 604 3698 se
636 3625 660 3697 i.
687 3647 716 3696 e.
754 3647 856 3696 suam
882 3623 1107 3697 nobilitatem
1132 3625 1209 3698 sive
1231 3633 1411 3720 praestan-

239 3765 327 3843 tiam
361 3791 498 3865 semper
531 3768 600 3841 tibi
632 3767 803 3862 imputet,
831 3767 1021 3862 exprobret
1030 3766 1069 3840 ?²’
1098 3766 1198 3858 Quos
1223 3768 1411 3864 reprehen-

239 3912 327 3986 dens
368 3908 567 4008 Kiaerus1)
614 3910 724 3982 verba
766 3910 819 3982 sio
853 3910 1051 3982 enarravit:
1093 3911 1217 4003 ⁷,nulla
1250 3912 1413 4006 gravitas

238 4077 353 4149 neque
390 4055 504 4127 forma
538 4054 664 4126 marito
698 4052 790 4125 tanti
824 4061 896 4143 est,
934 4062 972 4125 ut
1007 4061 1151 4149 propter
1177 4076 1255 4126 eam
1279 4077 1317 4127 se
1343 4055 1411 4127 tibi

239 4199 390 4292 imputet
416 4198 439 4269 i.
466 4220 496 4269 e.
519 4204 618 4268 tuam
643 4196 903 4270 eontumaeiam
925 4205 1033 4290 atque
1054 4197 1260 4292 superbiam
1282 4196 1410 4270 ferat.”

286 4337 400 4412 Addit
437 4318 703 4412 substantivum
744 4337 1004 4431 „gravitatem”
1047 4339 1122 4430 vir,
1162 4338 1258 4432 quod
1301 4341 1412 4432 vulgo

283 4643 307 4718 ¹)
330 4643 348 4700 l.
369 4644 388 4700 l.
411 4661 477 4721 pag.
503 4643 560 4700 154
582 4662 645 4720 sqq.
