3300 5474
606 967 890 1044 sunuel
938 968 1048 1042 VIII.

723 1266 784 1327 Vs,
807 1268 934 1326 24-30.

904 1505 1059 1580 Sanctus
1084 1506 1210 1580 haberi

350 1651 582 1745 iustitiaeque
607 1659 716 1725 tenax
741 1651 848 1726 factis
872 1649 1050 1744 dictisque
1076 1651 1241 1741 mereris,

350 1817 505 1888 agnosco
531 1817 731 1890 procerem:
758 1794 858 1867 salve
883 1792 1092 1884 Gaetulice,
1121 1815 1185 1866 seu
1211 1800 1251 1866 tu

349 1935 506 2012 Silanus.
534 1959 759 2033 quocumque
784 1937 856 2010 alic
882 1935 926 2009 de
951 1936 1129 2031 sauguine
1154 1958 1257 2009 rarus

350 2080 441 2153 civis
467 2089 502 2152 et
528 2079 700 2175 egregius
726 2080 866 2175 patriae
891 2079 1071 2173 contingis
1097 2078 1238 2166 ovanti,

348 2222 550 2297 exclamare
576 2223 682 2312 libet,
712 2222 868 2316 populus
894 2220 990 2315 quod
1016 2223 1147 2294 clamat
1174 2218 1273 2294 Osiri

353 2366 511 2440 inventu.

292 2631 415 2706 Verba
447 2654 541 2726 quae
579 2640 663 2705 sunt
691 2653 928 2725 „quocunque
953 2631 1025 2704 alio
1046 2630 1091 2703 de
1117 2629 1316 2726 sauguine’'
1336 2653 1415 2704 curu

241 2774 287 2848 iis
320 2797 414 2869 quae
448 2774 666 2870 praecedunt
699 2773 803 2867 iungi
834 2774 936 2847 nullu
971 2773 1073 2847 rncdc
1113 2781 1271 2868 possunt.
1311 2773 1417 2846 Tunc

241 2917 335 2990 enirn
370 2908 474 3012 pueta
506 2917 663 2991 scribere
698 2914 841 2989 debuit:
881 2937 966 3005 „seu
1000 2924 1040 2989 tu
1075 2914 1222 2990 Silanus
1255 2939 1318 2989 seu
1344 2916 1416 2989 alio

242 3058 286 3132 de
324 3057 535 3152 sauguine.''
583 3056 671 3132 Post
721 3055 913 3151 „Silanus”
958 3059 1072 3153 igitur
1107 3058 1276 3152 graviore
1312 3059 1416 3153 signo

243 3199 490 3290 incidendum,
518 3208 553 3273 et
578 3223 602 3273 a
629 3199 887 3294 „quocunque”
915 3223 1010 3274 nova
1035 3200 1238 3296 incipienda
1264 3209 1318 3273 est
1339 3222 1417 3273 sen-

197 3355 204 3365 ’
243 3344 374 3435 tentia,
401 3343 509 3416 sicuti
535 3341 686 3416 Iahnius
710 3343 796 3416 fecit
823 3342 968 3436 aliique.

291 3484 480 3560 Sententia
513 3494 633 3560 autern
663 3486 862 3581 generalis,
890 3508 984 3581 quae
1010 3494 1097 3560 tunc
1121 3487 1300 3578 nascitur,
1327 3485 1416 3560 adeo

243 3629 364 3724 inepta
402 3616 490 3701 mihi
529 3600 674 3723 quidem
714 3627 875 3718 videtur,
911 3637 952 3702 ut
977 3629 1041 3724 qui
1066 3629 1145 3701 lieri
1175 3629 1349 3723 potuerit,
1377 3636 1418 3702 ut

243 3772 348 3845 multi
386 3771 555 3866 doctique
595 3771 811 3867 interpretes
850 3770 1018 3845 Iahnium
1056 3772 1172 3846 secuti
1199 3771 1289 3864 siut,
1330 3771 1419 3844 satis

242 3913 365 3987 mirari
391 3937 463 3987 ncn
488 3913 631 4010 possim.
671 3911 768 4004 Quid
794 3912 915 3987 eninr?
950 3913 1153 3988 Habemus:
1180 3935 1418 4009 „quocunque

241 4057 313 4131 aliu
337 4056 384 4130 de
405 4055 583 4151 sauguine
606 4056 696 4131 civis
713 4057 884 4152 egregius
911 4057 1049 4152 patriae
1077 4057 1276 4152 contingis,
1300 4056 1417 4131 excla-

243 4221 341 4273 mare
374 4196 486 4272 libet”
523 4221 596 4294 eqs.
637 4196 852 4274 Gaetulicus
877 4221 964 4294 ergo
989 4208 1025 4273 et
1054 4197 1201 4274 Silanus
1225 4207 1261 4272 et
1286 4200 1418 4273 nobilis

242 4365 412 4417 essenon
437 4342 565 4416 debes:
592 4342 636 4415 de
662 4342 734 4416 alio
760 4341 784 4415 i.
812 4364 841 4415 e.
857 4343 1417 4439 plebeiusanguinequccuuque

184 4472 186 4477 ’
241 4485 404 4580 genitum
430 4506 508 4559 esse
532 4492 568 4558 te
593 4492 744 4582 oportet.
788 4481 894 4574 Quod
921 4485 1118 4560 absurdum
1143 4492 1208 4559 est.

292 4626 332 4703 Si
366 4628 545 4702 sententia
577 4628 758 4723 generalis
794 4635 866 4720 est,
902 4636 938 4700 et
973 4627 1026 4701 ita
1060 4649 1137 4702 esse
1163 4627 1287 4719 debet,
1314 4634 1419 4700 extra
