3300 5474
803 416 859 506 81*
917 478 921 484 ·

286 637 442 711 Miratur
467 636 511 710 Ε.
540 636 587 712 G.
614 635 792 712 Weberus
809 633 835 733 ¹)
865 637 1041 709 neminem
1054 636 1211 710 haesisse
1224 637 1262 709 in
1277 637 1404 710 ultimo

238 804 362 871 versu,
399 802 604 876 quanquam
639 779 745 852 inane
780 786 815 850 et
848 777 1035 852 molestum
1069 778 1235 853 videatur
1268 778 1405 852 addita-

238 932 406 999 mentum.
449 922 546 1014 Quid
579 922 674 995 enim
709 943 926 995 summorum
960 921 1119 994 virorum
1152 923 1228 996 fata
1252 945 1406 996 commu-

238 1067 356 1142 nionis
402 1067 534 1139 habere
581 1087 662 1138 cum
699 1065 785 1138 fatis
822 1064 1092 1160 sepulcrorum?
1139 1063 1310 1138 Attamen
1349 1065 1406 1139 his

238 1209 358 1283 verbis
399 1209 561 1303 graviter
594 1207 843 1280 laborantibus
878 1207 1055 1280 auxilium
1088 1209 1215 1281 afferre
1248 1209 1405 1284 codicem

239 1350 548 1425 Zwickaviensem
573 1372 637 1445 pro
654 1348 777 1442 „istis”
792 1348 983 1421 habentem
999 1347 1128 1442 „illis”
1158 1347 1240 1439 Qua
1252 1352 1406 1426 lectione

239 1502 382 1589 recepta
407 1492 620 1566 sententiam
647 1492 799 1565 emicare
825 1491 1138 1586 elegantissimam.
1182 1492 1290 1567 Nunc
1315 1495 1407 1568 viro·

239 1658 319 1709 rum
365 1635 618 1709 excellentium
665 1634 831 1729 sepulcra
875 1633 1040 1727 intellegi
1085 1641 1121 1706 et
1162 1642 1303 1729 poetam
1341 1636 1408 1712 hoc

239 1777 415 1852 voluisse:
450 1798 669 1850 summorum
703 1775 863 1848 virorum
897 1774 1031 1870 pariter
1056 1799 1099 1848 ao
1125 1776 1331 1870 vulgarium
1356 1803 1407 1853 se-

239 1922 366 2017 pulcra
400 1918 531 1992 deleri:
570 1917 704 1991 idcireo
738 1941 867 1990 vanam
901 1917 1046 1991 illorum
1081 1939 1179 2013 spem
1213 1941 1307 2012 esse,
1344 1923 1408 2016 qui

240 2064 445 2137 memoriam
479 2063 535 2135 sui
566 2083 757 2160 rer-nmque
781 2068 964 2155 gestarum
990 2061 1143 2155 gloriam
1169 2064 1408 2138 monumentis

240 2214 422 2281 servatum
447 2205 495 2278 iri
519 2203 734 2278 existiment.

288 2349 358 2422 Vir
395 2348 521 2422 doetus
558 2346 603 2421 de
640 2369 705 2420 suo
742 2346 831 2419 mihi
868 2347 1011 2421 videtur
1045 2347 1184 2441 aliquid
1217 2347 1407 2424 addidisse.

242 2491 447 2587 Distinguit
473 2491 569 2564 enim
595 2490 689 2562 inter
714 2512 932 2563 summorum
958 2489 1118 2562 virorum
1143 2492 1220 2565 fata
1233 2499 1268 2564 et
1281 2515 1409 2565 vanam

240 2635 386 2708 illorum
411 2656 509 2729 spem
534 2632 599 2726 qui
623 2653 701 2727 sqq.
730 2629 833 2721 Quae
859 2640 978 2704 tamen
1005 2632 1128 2706 eodem
1155 2632 1315 2707 redeunt.
1347 2633 1410 2707 Illi

242 2777 312 2849 viri
347 2775 477 2849 summi
510 2774 618 2847 iidem
652 2781 736 2847 sunt
769 2797 812 2847 ao
850 2774 928 2868 „illi
955 2798 1049 2847 vana
1073 2797 1135 2870 spe
1160 2774 1327 2871 decepti?
1352 2778 1410 2849 vel

242 2917 361 3014 potius
399 2923 506 3012 poeta
544 2933 700 2990 summos
738 2915 835 2989 viros
874 2923 979 2989 vocat
1018 2916 1179 2990 homines
1216 2941 1311 2992 vana
1347 2943 1411 3016 spe

241 3059 417 3155 deceptos.
458 3059 553 3133 Nam
577 3058 616 3131 in
642 3065 719 3131 tota
745 3058 812 3131 bac
838 3067 962 3132 satura
986 3059 1054 3133 boc
1080 3060 1157 3155 agit
1182 3070 1222 3135 ut
1246 3062 1410 3137 ostendat

243 3227 336 3276 vana
374 3225 451 3276 esse
489 3209 525 3275 et
562 3200 736 3296 fugienda
773 3200 957 3276 hominum
994 3201 1132 3295 studia,
1167 3203 1231 3297 qui
1265 3203 1412 3280 divitias

242 3345 394 3439 gloriam
427 3343 518 3416 talia
551 3349 742 3417 sectentur.
778 3342 909 3438 Itaque
933 3343 1002 3418 boc
1027 3345 1142 3419 voluit
1168 3351 1289 3420 nostro
1313 3348 1409 3421 loco:

246 3487 358 3580 „alios
383 3486 546 3560 stimulat
571 3485 689 3579 gloria
715 3493 750 3557 et
776 3485 894 3559 laudis
906 3487 1054 3582 cupido,
1082 3509 1190 3582 quam
1203 3497 1410 3584 perpetuam

243 3631 319 3703 fore
343 3629 414 3703 sibi
439 3626 673 3723 persuadent,
701 3651 783 3702 nam
809 3628 877 3701 etsi
903 3652 1032 3725 corpus
1054 3630 1223 3723 intereat,
1247 3633 1412 3727 sepulcra

243 3783 352 3845 sax'ea
377 3778 496 3845 tamen
522 3793 691 3845 mansura
715 3769 825 3845 esse.”
860 3770 963 3861 Quae
989 3794 1046 3845 res
1072 3773 1182 3847 falsos
1207 3795 1267 3847 eos
1292 3773 1410 3847 habet.

245 3912 417 4010 Sepulcra
451 3913 530 4009 ipsa
564 3936 630 3986 sua
664 3914 739 3986 fata
771 3913 922 4007 babent,
959 3937 1041 3988 nam
1063 3937 1120 3989 res
1146 3917 1204 3989 vel
1229 3915 1412 3989 levissima

160 4096 165 4102 ·
244 4056 290 4130 ad
324 4079 368 4130 ea
400 4055 626 4130 discutienda
660 4057 766 4130 valet.
807 4054 993 4130 Sententia
1023 4057 1103 4131 ideo
1129 4058 1309 4152 generalis
1334 4081 1412 4132 esse

244 4199 367 4292 debet,
403 4208 444 4273 ut
476 4199 524 4272 sit
557 4199 651 4272 idem
684 4200 780 4295 quod
813 4199 959 4294 „mundi
984 4200 1102 4294 gloria
1127 4200 1291 4274 transit.''
1330 4200 1411 4275 Hoc

245 4365 331 4437 ergo
375 4364 594 4416 summorum
627 4342 787 4416 virorum
823 4344 899 4417 fata
937 4365 1123 4417 commune
1159 4344 1293 4417 babent
1330 4366 1411 4418 oum

289 4649 312 4728 ¹)
333 4649 398 4708 Inv.
423 4649 483 4708 Sat.
507 4667 574 4727 pag.
598 4649 657 4706 322
678 4667 741 4725 sqq.
