3300 5474
819 433 855 491 61

242 621 330 718 quid
364 643 509 718 parum,
545 619 634 715 quid
671 619 788 693 omitti
814 619 945 692 addive
969 619 1126 714 potuerit
1158 615 1262 716 (talia
1286 619 1413 692 sentiri

242 763 389 857 debent3
426 784 498 836 non
532 769 682 859 possunt
714 763 820 856 quasi
846 762 893 835 ad
918 761 1092 836 circinum
1117 769 1153 835 et
1178 761 1224 834 ad
1250 784 1410 835 normam

242 903 377 1004 exigi),
404 905 472 980 hoc
496 913 616 978 tamen
642 904 813 978 audacter
838 905 1014 978 affirmare
1040 894 1175 996 ausim,
1204 926 1337 1000 pancos
1350 913 1414 977 aut

243 1071 288 1122 ne
320 1070 453 1145 pancos
486 1047 631 1143 quidem
666 1069 745 1122 oum
773 1045 934 1121 Scholtio
961 1047 1227 1142 vituperaturos
1252 1055 1411 1141 poetam,

242 1191 338 1286 quod
365 1190 433 1264 hoc
458 1190 537 1264 loco
562 1190 659 1264 hunc
684 1213 826 1264 versum
852 1189 1010 1286 lepidum
1040 1187 1106 1287 (vs.
1121 1187 1208 1286 339)
1223 1188 1411 1262 addiderit.

242 1332 388 1427 Altera,
415 1356 523 1429 quam
541 1333 662 1425 affert,
677 1355 787 1406 causa
799 1342 853 1406 θεῖ
870 1332 1089 1406 inanissima.
1118 1333 1277 1406 Tantum
1291 1333 1411 1422 abest,

241 1483 283 1550 ut
307 1476 341 1549 ei
367 1475 557 1550 concedam
582 1475 680 1548 hunc
694 1497 836 1549 versum
850 1474 945 1548 omni
959 1497 1200 1549 carcresensu
1214 1474 1413 1564 communi,

242 1626 283 1693 ut
307 1617 541 1716 hyperbolem
566 1640 644 1691 esse
657 1624 779 1714 putem
792 1617 1088 1712 pulcherrimam,
1104 1618 1163 1692 cui
1177 1617 1263 1691 insit
1276 1639 1414 1691 summa

243 1761 360 1834 virtus
398 1760 543 1834 comica.
588 1759 826 1855 Lepidissime
860 1760 917 1833 his
951 1761 1072 1834 verbis
1105 1760 1274 1856 exprimit
1309 1767 1415 1856 pocta

243 1925 323 1976 eum
358 1902 475 1976 locum
508 1924 586 1976 esse
618 1902 863 1976 sanctuarium
894 1903 1107 1976 feminarum
1134 1910 1170 1976 st
1196 1902 1411 1994 sacrarium,

242 2068 314 2140 quo
352 2044 462 2132 nihil,
502 2044 598 2139 quod
637 2066 787 2138 usquam
827 2052 881 2118 est
919 2045 1088 2135 masculi,
1133 2069 1178 2118 ne
1211 2045 1414 2119 musculum

241 2188 404 2284 quidem,
432 2187 568 2260 intrare
594 2187 732 2260 fassit.
760 2184 896 2260 Contra
922 2189 1208 2262 muresfcminae
1221 2189 1424 2284 quominus·

242 2330 361 2405 adsint
386 2330 488 2404 nulla
514 2329 642 2425 religio
668 2337 731 2403 est.
760 2329 858 2404 Audi
885 2329 1113 2424 Ciceronem,
1141 2331 1186 2405 de
1200 2330 1289 2405 Har.
1305 2330 1412 2427 Resp.

242 2448 308 2546 37‘:
326 2473 443 2569 „qnod
464 2472 609 2567 quidem
631 2472 847 2547 sacrificinm
869 2483 951 2547 ante
965 2472 1005 2547 Ρ.
1020 2472 1188 2549 Olodium
1201 2497 1303 2549 nemo
1317 2475 1414 2548 omni

243 2617 412 2690 memoria
437 2617 607 2707 violavit,
642 2639 746 2691 nemo
772 2640 931 2712 unquam
956 2618 1065 2709 adiit,
1103 2640 1206 2692 nemo
1233 2616 1412 2712 neglexit,

243 2782 345 2834 nemo
380 2760 436 2833 vir
469 2759 630 2854 aspicere
665 2781 737 2833 non
752 2832 755 2837 ,
771 2759 947 2834 horruit.”
987 2760 1142 2856 Insuper
1177 2762 1287 2834 verba
1320 2782 1414 2854 quae

243 2912 327 2978 sunt
365 2924 515 3000 „penem
548 2903 718 2976 maiorem
751 2925 860 2997 quam
885 2902 957 2977 duo
983 2901 1241 2977 Anticatones''
1268 2901 1415 2997 egregie

243 3047 406 3142 opposita
431 3053 515 3119 sunt
541 3046 661 3119 verbis
689 3045 869 3138 „testiculi
890 3045 961 3118 sibi
974 3045 1138 3120 conscius
1150 3044 1271 3126 mus.'’¹
1288 3026 1414 3118 Simile

243 3189 331 3285 quid
357 3189 395 3261 in
422 3185 583 3262 Scholtio
608 3187 940 3283 reprehendendum
966 3186 1109 3261 videtur
1126 3187 1173 3261 ad
1187 3209 1329 3260 versum
1342 3189 1413 3260 485

243 3331 352 3405 huius
377 3340 539 3423 saturae,
567 3331 630 3404 nbi
656 3312 746 3404 haec
766 3330 973 3405 adnotavit:
1003 3329 1175 3425 ,Accedit
1196 3330 1292 3425 quod
1313 3353 1415 3404 voca·

244 3474 369 3550 bulum
397 3446 600 3569 „cognitio”
628 3474 717 3547 alibi
730 3531 738 3565 ,
751 3473 790 3546 ni
803 3474 928 3565 fallor,
956 3495 1140 3569 nunquam
1153 3473 1198 3547 de
1210 3474 1289 3569 ipsa
1301 3496 1415 3569 poena

242 3616 305 3690 sed
337 3638 476 3711 semper
510 3615 555 3689 de
588 3616 822 3711 inquisitione
855 3615 1023 3691 dicitur.”
1063 3615 1147 3690 Vox
1181 3616 1294 3708 enim,
1322 3638 1415 3710 quae

233 3767 297 3833 est
332 3759 548 3856 ,cognitio’',
576 3760 740 3834 consulto
767 3760 826 3834 hic
851 3761 969 3855 posita
994 3766 1047 3833 est
1073 3783 1095 3832 a
1121 3767 1245 3856 poeta,
1273 3766 1314 3833 ut
1340 3766 1413 3832 tam

242 3910 380 3977 atroces
416 3903 669 3997 inquisitiones
706 3903 856 3998 gravius
895 3903 1163 3998 perstringeret.
1209 3901 1331 3975 Possis
1368 3923 1414 3973 cx

244 4042 318 4118 Sat.
347 4044 427 4135 III,
455 4047 546 4119 289:

317 4255 357 4332 Si
384 4257 465 4331 rixa
490 4264 563 4349 est,
591 4257 655 4331 ubi
680 4264 720 4331 tu
746 4258 886 4354 pulsas,
915 4279 983 4353 ego
1008 4257 1142 4352 v'apulo
1167 4265 1318 4332 tantum.

242 4469 316 4544 leni
354 4469 553 4543 mutatione
585 4469 658 4544 huc
690 4490 887 4544 arcessere:
923 4470 955 4545 si
992 4470 1151 4566 cognitio
1177 4478 1249 4563 est,
1284 4470 1349 4545 ubi
1373 4478 1414 4545 tu

242 4612 377 4705 saevis,
405 4633 473 4706 ego
499 4613 631 4709 vapulo
657 4620 809 4686 tantum.
