3300 5474
842 437 882 495 96

286 629 467 711 canentia:
503 627 566 701 sed
598 627 750 701 frustra:
781 648 852 699 non
879 633 994 721 potest
1011 632 1126 720 ‘poeta
1150 624 1238 719 quin
1263 632 1300 697 te
1325 623 1450 698 doceat

287 771 420 843 vixisse
456 770 566 843 fortes
602 777 682 864 post
720 767 990 862 Agamemnona
1022 789 1159 863 semper
1183 767 1386 862 pauciores,
1416 774 1452 839 et

285 911 428 986 audies:
457 934 561 1006 „nam
586 932 701 1005 genus
725 909 794 983 hoc
819 909 902 982 vivo
928 909 999 982 iam
1016 907 1244 982 decrescebat
1256 906 1449 981 Homero.'’

287 1051 326 1126 Si
358 1062 464 1149 putas
496 1075 578 1126 eum
603 1052 772 1125 iamiam
797 1058 1072 1148 properaturum
1097 1049 1142 1122 ad
1168 1058 1305 1143 cetera,
1342 1072 1450 1145 quam

286 1196 431 1290 egregie
455 1195 610 1269 falleris:
640 1202 759 1288 „terra
784 1193 896 1267 malos
917 1192 1078 1266 homines
1091 1214 1187 1267 nnnc
1200 1191 1329 1267 educat
1343 1201 1451 1287 atque

285 1336 470 1433 pusillos.'’
498 1334 538 1410 Si
562 1337 672 1411 bilem
697 1335 855 1409 nondum
879 1335 948 1408 tibi
973 1335 1102 1426 movit,
1132 1336 1204 1408 iam
1223 1342 1301 1409 tace
1315 1343 1350 1409 et
1365 1334 1451 1409 audi

285 1480 415 1553 itemm
440 1488 558 1553 vatem
583 1479 788 1574 egregium:
818 1500 927 1573 „ergo
952 1477 1040 1551 deus
1063 1478 1272 1572 quicunque
1286 1476 1452 1572 adspexit

285 1621 378 1694 ridet
402 1629 438 1694 et
462 1620 571 1695 odit.”
600 1620 745 1694 Miraris
766 1621 860 1694 unde
877 1619 966 1694 deus
978 1628 1052 1693 tarn
1064 1620 1184 1694 subito
1197 1620 1449 1711 intervenerit,

285 1771 460 1836 memento
497 1771 532 1836 et
566 1761 774 1860 Oyllenium
811 1785 856 1835 ex
893 1763 1027 1836 somnis
1065 1763 1240 1838 excitasse
1280 1762 1449 1853 Aenean,

286 1914 322 1979 et
350 1906 521 1999 intellege
545 1905 759 1979 monachum
791 1929 920 2001 corpus
954 1928 974 1978 e
1007 1928 1130 1979 somno
1155 1870 1369 2001 corripuisse
1395 1903 1452 1977 his

286 2047 423 2121 verbis:
454 2070 498 2141 „a
522 2047 742 2121 deverticulo
768 2056 951 2142 repetatur
969 2046 1127 2121 fabula.''
1156 2046 1293 2121 Versus
1306 2048 1450 2121 69-72

285 2189 439 2264 conflata
479 2199 563 2263 sunt
596 2190 646 2264 ‘ab
680 2190 935 2285 interpolatore
973 2189 1136 2263 versibus
1171 2191 1314 2263 65—68
1348 2188 1452 2262 lectis

286 2333 453 2429 cupidine
477 2333 624 2429 abrepto
648 2356 750 2407 suam
775 2332 1011 2406 eruditionem
1037 2331 1249 2406 ostentandi.

652 2994 930 3070 SATURA
984 2996 1084 3070 XVI.

621 3268 624 3273 ’
762 3291 823 3351 us,
846 3289 972 3350 17-22.

869 3514 1071 3588 Iustissima
1095 3515 1346 3589 centurionum

392 3657 549 3751 cognitio
574 3664 629 3729 est
654 3656 768 3750 igitur
794 3656 838 3728 de
864 3656 994 3747 milite,
1023 3680 1088 3731 nec
1113 3657 1201 3730 mihi
1227 3657 1319 3731 derit
1404 3704 1407 3709 .

394 3800 504 3891 ultio,
531 3799 562 3872 si
587 3799 704 3871 iustae
729 3797 888 3872 defertur
913 3821 1022 3872 causa
1047 3800 1246 3893 querellae:

393 3950 469 4015 tota
488 3941 620 4014 cohors
646 3949 765 4014 tamen
790 3949 844 4014 est
870 3941 1034 4031 inimica,
1062 3964 1253 4036 omnesque
1278 3943 1427 4038 manipli

393 4106 568 4158 consensu
593 4104 723 4177 magno
749 4082 924 4176 efficiunt,
951 4082 1122 4156 curabilis
1148 4092 1188 4156 ut
1213 4085 1260 4158 sit

394 4226 553 4299 vindicta
577 4233 613 4298 et
638 4225 784 4319 gravior
809 4246 917 4318 quam
938 4224 1080 4298 iniuria.

338 4477 383 4549 In
425 4476 482 4549 his
519 4474 684 4549 versibus
721 4472 930 4547 enarrandis
967 4473 1179 4569 interpretes
1215 4474 1253 4548 in
1291 4475 1452 4550 diversas

291 4620 423 4693 abiisse
456 4627 576 4716 partes
600 4640 673 4691 non
697 4624 753 4689 ent
775 4613 873 4688 nucu
896 4612 1084 4709 miremur,
1111 4616 1278 4710 quoniam
1303 4642 1342 4692 rc
1368 4643 1453 4694 vera
