3300 5474
806 410 846 469 53

245 598 456 673 matioornm
489 620 586 672 more
618 596 810 692 diligenter
842 597 953 670 statui
986 596 1128 692 nequit,
1170 597 1222 670 ita
1254 596 1408 671 maxime

243 748 300 815 est
331 740 536 836 probabile,
571 739 609 813 id
642 740 774 814 laetum
808 761 886 811 esse
909 738 1004 812 intra
1029 762 1142 813 annos
1169 741 1236 812 101
1264 747 1300 812 et
1326 741 1407 812 105.

244 879 327 956 Hoo
363 882 490 956 saltem
530 888 686 971 constat,
721 888 804 953 ante
829 902 962 953 annum
993 880 1223 954 centesimum
1249 891 1408 954 saturam

244 1046 317 1098 non
338 1046 416 1099 esse
436 1023 684 1121 oompositam‚
711 1022 880 1117 quoniam
907 1021 951 1095 de
977 1024 1084 1097 rebus
1108 1044 1223 1096 sermo
1249 1033 1303 1095 est
1329 1030 1409 1118 post

245 1187 328 1239 eum
360 1187 494 1239 annum
518 1165 641 1261 gestis.
676 1163 734 1237 Ex
760 1172 913 1258 utraque
937 1186 1111 1238 annornm
1136 1164 1228 1237 serie
1252 1163 1407 1239 medium

244 1329 378 1381 annum
410 1307 586 1402 eligentes
618 1307 814 1402 reperimus
846 1306 1059 1403 particulam
1094 1305 1154 1380 hio
1183 1305 1227 1380 de
1252 1328 1291 1380 re
1316 1305 1405 1397 diei,

246 1472 340 1545 quae
363 1458 449 1524 ante
473 1452 518 1523 27
545 1472 657 1524 annos
678 1450 774 1524 faeta
794 1449 851 1522 sit.
881 1448 938 1522 De
951 1449 1019 1522 hae
1033 1449 1133 1522 verbi
1146 1448 1408 1544 significatione

243 1592 320 1687 egit
352 1590 466 1667 Gron.
491 1593 628 1667 observ.
656 1596 690 1665 4.
720 1595 764 1665 18
790 1615 871 1687 pag.
898 1595 969 1665 483
995 1591 1049 1665 ed.
1076 1592 1278 1667 Frotseher.
1313 1593 1408 1667 Vide

245 1734 486 1810 Sohmidtium
501 1733 529 1833 ¹)
574 1735 786 1809 scribentem
819 1735 989 1809 adverbio
1022 1735 1118 1830 quod
1159 1744 1214 1809 est
1249 1736 1407 1832 „nuper”

245 1900 318 1952 non
351 1878 486 1972 ubique
515 1876 713 1974 significari
740 1886 879 1973 tempus
904 1877 1065 1972 proxime
1090 1877 1318 1969 antecedam,
1345 1877 1407 1952 sed

243 2021 352 2095 etiam
379 2029 519 2117 tempus
544 2029 627 2094 ante
652 2020 864 2110 triennium,
892 2027 974 2093 ante
999 2028 1171 2114 quatuor,
1207 2020 1329 2094 desem
1350 2021 1407 2093 vel

241 2160 486 2257 quadraginta
511 2184 623 2236 annos
648 2163 757 2236 allato
784 2161 968 2257 Zumptio,
997 2163 1033 2234 in
1061 2161 1164 2235 Verr.
1192 2167 1224 2236 2.
1247 2166 1405 2236 47.118.

239 2328 325 2401 pag.
353 2307 435 2379 353.

699 2516 760 2577 Vs
782 2516 951 2577 206-207.

402 2719 444 2795 Si
469 2721 537 2796 tibi
562 2721 774 2817 simplicitas
798 2723 942 2814 uxoria,
970 2721 1111 2796 deditus
1136 2724 1199 2797 uni

401 2872 455 2938 est
480 2863 639 2952 animus,
666 2864 846 2938 summitte
871 2872 978 2960 eaput
1002 2887 1079 2960 sqq.

291 3085 443 3183 Propter
487 3087 556 3161 hoe
601 3086 798 3184 asyndeton
837 3086 1071 3161 Heinriohius
1115 3088 1251 3182 aliique
1287 3088 1404 3163 loeum

239 3228 458 3304 eonieoturis
484 3237 716 3303 vexaverunt.
756 3228 940 3304 Iaoobsius
960 3230 1120 3324 seripsit:
1154 3229 1317 3323 „deditus
1342 3232 1405 3304 uni

238 3371 274 3444 si
301 3378 356 3444 est
379 3368 562 3463 animns'';
591 3369 842 3445 Heinriohius:
873 3371 925 3464 „si
959 3372 1065 3444 uxori
1096 3371 1239 3445 deditus
1263 3373 1327 3446 uni
1351 3382 1406 3447 est

240 3511 419 3605 animns⁷’‚
458 3512 553 3608 quod
588 3513 674 3585 ferri
707 3513 842 3607 nequit.
893 3512 1014 3587 Primo
1049 3515 1196 3587 verbum
1230 3515 1326 3610 qnod
1351 3524 1405 3590 est

242 3653 501 3751 „simplicitas”
536 3654 632 3728 nude
664 3655 819 3750 positum
856 3678 925 3728 non
951 3656 1039 3729 satis
1063 3655 1245 3729 definitam
1270 3657 1405 3752 signifi-

242 3794 420 3870 cationem
444 3796 577 3870 habere
601 3795 690 3868 mihi
715 3795 868 3869 videtur.
896 3795 992 3870 Tum
1008 3805 1129 3870 nostro
1150 3798 1228 3872 looo
1243 3796 1405 3893 „deditus

242 3935 332 4011 uni''
358 3960 429 4011 non
454 3937 551 4011 valet
578 3937 664 4031 „uni
688 3938 793 4011 uxori
818 3937 978 4013 deditum
1003 3939 1113 4031 esse”‚
1140 3940 1203 4013 sed
1218 3963 1277 4034 „se
1290 3948 1404 4015 totum

239 4076 384 4152 tradere
408 4078 472 4153 uni
498 4078 668 4153 homini.''

292 4219 335 4294 Id
369 4221 464 4316 quod
498 4223 657 4296 membra
689 4245 783 4318 quae
815 4231 898 4297 sunt
934 4224 1167 4319 „simplicitas
1191 4223 1341 4300 uxoria'’
1368 4235 1404 4300 et

241 4359 408 4457 „deditus
440 4363 504 4437 uni
537 4371 590 4438 est
624 4364 786 4439 animus''
822 4389 885 4461 per
919 4366 1117 4441 ehiasmnm
1149 4390 1255 4463 quem
1280 4369 1403 4444 dieunt

285 4592 310 4669 ¹)
331 4593 408 4652 Am.
430 4593 573 4654 Sohmidt.
595 4595 684 4675 Disp.
706 4595 783 4655 Phil.
805 4616 871 4675 pag.
894 4599 942 4657 39.
