3300 5474
802 439 842 498 to

245 629 368 703 eadem
410 627 613 703 conditione
651 635 839 701 versentur
876 649 1018 701 necesse
1053 634 1116 700 est.
1155 625 1295 700 Idcirco
1328 649 1410 701 cum

246 771 459 846 Heinrichio
472 771 499 858 1)
525 772 633 845 etiam
659 794 730 845 vox
758 768 936 864 „maesta”
964 768 1135 843 mutanda
1160 776 1224 842 est.

748 1137 808 1198 VS.
831 1140 897 1197 130.

316 1353 396 1428 Nec
419 1353 561 1449 galeam
586 1375 754 1448 quassas,
781 1376 848 1427 nec
872 1361 1003 1426 terram
1028 1351 1175 1449 cuspide
1197 1352 1319 1448 pulsas
1340 1358 1406 1425 etc.

290 1582 567 1682 Heinrichiusi)
595 1584 722 1658 statuit
748 1607 870 1658 vocem
898 1582 1073 1676 „terram”
1101 1583 1140 1657 in
1153 1584 1280 1657 mendo
1292 1583 1410 1657 iacere

243 1750 380 1822 negans
417 1735 571 1820 „terram
604 1725 752 1822 cuspide
786 1725 951 1822 pulsare’'
978 1749 1055 1800 esse
1080 1727 1285 1801 irascentis:
1312 1725 1408 1822 Aga-

245 1892 466 1944 memnonem
501 1870 538 1942 in
574 1869 689 1943 Iliade
727 1892 797 1942 non
831 1870 887 1942 ira
919 1877 1133 1943 commotum
1158 1868 1221 1942 sed
1245 1867 1406 1964 indigna·

243 2012 340 2085 tione
372 2013 570 2086 ferventem
596 2019 775 2108 sceptrum
802 2012 976 2086 abiecisse
1000 2038 1063 2109 qua
1089 2037 1124 2084 re
1148 2013 1302 2085 iudicaret
1326 2015 1408 2087 nolle

241 2156 436 2250 ampliusue
460 2180 564 2251 repom
588 2180 651 2227 esse
676 2157 704 2226 si
727 2156 805 2226 tolio
826 2157 946 2250 fierem.
976 2152 1029 2228 Ut
1052 2164 1175 2227 notum
1197 2162 1251 2227 est
1267 2163 1406 2247 autem,

239 2320 312 2370 non
350 2296 596 2391 Agamemnon
634 2304 813 2392 sceptrum
851 2296 889 2369 in
922 2305 1054 2370 terram
1087 2297 1255 2392 impegit,
1282 2320 1407 2371 verum

240 2438 413 2514 nonnus
1066 2406 1068 2410 ’

290 2579 409 2672 Quam
441 2582 556 2676 igitur
589 2582 692 2655 affert
725 2604 870 2656 causam
895 2604 990 2677 quae
1013 2605 1094 2657 eum
1119 2583 1338 2680 impelleret,
1364 2608 1407 2659 ea

243 2723 326 2798 ficta
358 2732 422 2798 est.
459 2722 564 2815 Quod
599 2724 771 2798 libentius
803 2724 924 2817 dabis,
951 2725 982 2798 si
1020 2726 1223 2800 memineris
1248 2726 1343 2801 idem
1368 2727 1404 2801 in

242 2865 405 2966 Odyssea
430 2868 470 2941 II
497 2871 543 2942 80
564 2868 609 2942 de
633 2868 850 2942 Telemacho
874 2868 957 2942 dici.
985 2866 1053 2940 Est
1078 2868 1192 2961 igitur
1217 2892 1315 2943 mera
1335 2870 1406 2965 sig·

239 3009 397 3083 nificatio
433 3010 510 3084 sive
547 3011 623 3086 irae
659 3011 737 3084 sive
773 3010 1051 3105 indignationis,
1089 3033 1204 3106 neque
1230 3019 1284 3085 est
1310 3013 1405 3107 quod

239 3174 411 3246 negemus
441 3152 509 3226 hoc
534 3160 616 3248 apte
642 3153 714 3226 dici
738 3153 776 3225 in
801 3152 973 3227 hocloco
998 3152 1043 3227 de
1069 3119 1194 3226 Marte
1212 3153 1289 3226 sive
1304 3155 1405 3250 ¹irato

238 3294 315 3367 sive
350 3293 632 3389 indignabundo.
667 3293 760 3370 Oum
794 3303 830 3369 et
863 3296 980 3369 altera
1011 3295 1222 3389 difficultas,
1257 3319 1330 3392 qua
1356 3298 1405 3372 lo-

241 3458 322 3509 cum
370 3436 482 3531 premi
529 3437 682 3511 affirmat
727 3435 981 3528 Heinrichius‚
1028 3438 1172 3512 sublata
1209 3439 1257 3512 sit
1296 3437 1403 3537 (conf.
1450 3501 1452 3504 ,

240 3576 477 3653 Weidnerum
503 3604 537 3675 p.
564 3578 625 3677 62)
652 3587 795 3655 tuemur
820 3580 1007 3675 vulgarem
1033 3580 1231 3655 lectionem.

694 3837 755 3934 Vs.
779 3875 944 3934 rot-ros.

665 4095 759 4170 Nam
785 4096 816 4169 si
841 4118 940 4170 mora
964 4096 1106 4193 longior
1130 4098 1256 4171 urbem

321 4238 491 4318 indulsit
514 4239 654 4336 pueris,
682 4262 752 4314 non
777 4261 937 4334 unquam
962 4239 1055 4313 derit
1080 4247 1218 4314 amator
1242 4247 1308 4314 etc.

238 4438 396 4448 *—

236 4573 239 4579 -
281 4531 307 4606 ¹)
328 4531 479 4605 Heium,
501 4532 566 4591 Iuv.
590 4533 650 4592 sat.
674 4532 744 4594 Vol.
764 4532 814 4605 H,
836 4550 904 4611 pag.
925 4535 984 4592 loo
1005 4552 1067 4611 sqq.

282 4637 306 4713 ²)
327 4639 364 4696 In
386 4638 490 4697 eodem
511 4639 605 4713 libro,
628 4659 695 4719 pag.
719 4643 776 4700 lll
798 4659 860 4718 sqq.
