3300 5474
783 465 822 525 89

227 655 386 752 paternis
418 663 501 730 tura
534 654 627 729 dabo
661 663 771 750 atque
803 679 910 727 omues
944 654 1063 728 violae
1094 655 1216 728 motato
1245 616 1393 729 colores.

230 799 351 872 Coacta
383 798 517 891 nitent,
554 800 659 893 loopos
692 797 806 870 erexit
841 797 952 870 ianua
976 819 1112 889 ramos,
1147 805 1183 870 et
1208 797 1395 871 matutinis

228 952 376 1014 oneratur
400 941 493 1014 festa
516 940 684 1014 lucernis.

277 1081 370 1158 Oum
394 1083 439 1156 de
463 1082 575 1156 saonis
602 1082 776 1156 faciendis
801 1105 917 1156 sermo
942 1083 1007 1175 sit,
1035 1105 1106 1155 non
1126 1091 1180 1156 est
1193 1082 1395 1157 mirandum

231 1225 442 1320 „oneratur”
470 1226 508 1298 in
536 1224 749 1321 „operatur”
777 1247 855 1299 esse
879 1225 1124 1321 depravatum.

592 1923 1035 1999 SATURAXIII.

708 2176 769 2236 VS.
791 2179 919 2235 28-30.

361 2389 469 2464 Nuno
492 2395 592 2462 aetas
615 2389 738 2484 agitur
762 2390 956 2485 peioraque
981 2391 1127 2464 saecula
1153 2390 1239 2464 ferri

360 2533 598 2628 temporibus,
626 2554 779 2627 quorum
804 2533 930 2606 soeleri
959 2555 1030 2606 non
1056 2534 1195 2607 invenit
1219 2534 1298 2629 ipsa

362 2698 490 2750 nomen
514 2685 550 2748 et
574 2699 597 2749 a
620 2675 722 2748 nullo
746 2675 868 2770 posuit
894 2682 1024 2750 natura
1051 2678 1206 2750 metallo.

282 2904 505 3005 Scholtius1)
534 2907 738 3002 suspicatur
765 2907 890 3001 „nulla
915 2907 1036 2981 aetas''
1064 2916 1099 2981 et
1124 2930 1189 3004 pro
1204 2908 1399 3001 „invenit''‚

232 3050 328 3146 quod
360 3058 493 3125 temere
526 3049 614 3124 dioit
646 3059 792 3146 propter
824 3072 978 3145 sequens
1013 3050 1177 3147 „posuit”
1203 3052 1400 3147 perfeetum

232 3217 309 3268 esse
341 3193 493 3289 ideoque
518 3193 705 3285 vitiosum,
731 3191 920 3288 „indidit”
958 3192 1130 3267 Attamen
1158 3193 1298 3287 „nuno”
1324 3217 1401 3269 esse

232 3337 458 3411 retinendum
503 3343 540 3408 et
585 3336 632 3409 ad
679 3335 822 3430 „aetas”
872 3359 918 3409 ex
955 3338 1120 3432 sequenti
1161 3338 1398 3434 „peioraque”

235 3477 378 3574 „peior”
405 3477 655 3552 arcessendum
680 3478 752 3551 iam
778 3478 901 3552 doouit
926 3478 1143 3554 Weidnerus
1159 3478 1200 3578 θ).
1227 3479 1402 3554 Praesens

233 3627 373 3717 tempus
406 3630 441 3694 et
474 3621 671 3716 perfeetum
705 3620 829 3694 eadem
862 3621 937 3694 fere
972 3623 1169 3716 praesentis
1202 3630 1318 3697 status
1343 3624 1401 3697 vel

234 3763 448 3838 conditionis
472 3763 735 3858 significatione
762 3763 848 3859 poni
873 3786 977 3859 posse
1002 3773 1106 3839 extra
1119 3765 1270 3839 dubium
1283 3766 1403 3861 posuit

234 3905 394 3980 Kiaerus
409 3904 450 4004 ³).
487 3903 674 3980 Sententia
705 3906 776 3979 looi
812 3914 866 3979 est
890 3905 997 3980 haeo:
1034 3915 1164 3980 natura
1190 3930 1260 3981 non
1285 3915 1403 4003 potest

234 4048 396 4122 invenire
429 4071 556 4122 nomen
581 4047 733 4143 ideoque
758 4049 830 4122 huo
854 4070 970 4143 usque
995 4070 1066 4120 non
1090 4047 1279 4144 posuit:
1303 4057 1403 4122 aetas

234 4190 306 4265 huo
329 4213 444 4286 usque
469 4191 672 4265 nonhabet
698 4212 825 4265 nomen
851 4214 873 4264 a
897 4190 1052 4264 metallis
1078 4191 1240 4286 petitum.

278 4449 385 4526 1)1.1.
406 4467 474 4528 pag.
497 4451 544 4507 88.

277 4554 302 4634 ²)
322 4556 342 4615 l.
363 4556 383 4615 l.
407 4573 476 4634 pag.
498 4557 555 4617 261
578 4575 640 4633 sqq.

277 4661 302 4738 ⁸)
323 4663 343 4720 l.
363 4662 381 4719 l.
405 4681 474 4740 pag.
498 4664 564 4720 202.
698 4658 701 4664 ’
