3300 5474
816 434 856 492 32

299 618 501 694 Postremus
527 642 652 694 versus
680 618 878 718 (143-45)
907 619 1147 694 emendandos
1172 620 1245 695 sibi
1266 621 1419 717 sumpsit

251 760 433 836 Soholtius
447 761 473 860 ¹)
505 770 666 835 statuens
691 763 729 834 in
755 762 883 836 mendo
907 763 1025 838 iaoere
1050 762 1265 837 vocabulum
1293 786 1419 857 „roga-

250 903 349 976 tum”
395 903 491 999 quod
537 904 657 977 infans
701 903 820 998 loqui,
868 926 996 996 rogare
1042 927 1114 978 non
1162 905 1292 1000 possit3
1342 912 1419 978 tum

252 1044 480 1140 „assemque”
517 1052 641 1141 utpote
671 1043 803 1118 donum
833 1045 1054 1139 miserabile;
1082 1044 1211 1119 deinde
1231 1047 1419 1140 „minimas

249 1189 380 1263 nuoes’'
427 1197 468 1261 ut
505 1210 631 1283 parum
668 1196 906 1281 congruentes
943 1208 1025 1260 oum
1065 1187 1197 1280 „viridi
1227 1188 1414 1282 thoraee'';

248 1330 392 1404 tandem
435 1337 642 1425 oorruptum
681 1351 758 1402 esse
798 1328 999 1423 „mensam”
1038 1339 1074 1403 et
1112 1352 1176 1425 pro
1213 1331 1259 1403 iis
1296 1333 1418 1426 legere

247 1495 462 1569 proponens:

784 1650 948 1724 Viridem
973 1652 1121 1725 thoraca
1147 1652 1287 1726 iubebit

343 1793 463 1866 afferri
488 1793 725 1886 minimusque
750 1792 902 1887 equulos
928 1815 1104 1888 axemque
1128 1802 1286 1867 rotatum

342 1959 384 2009 ao
410 1936 590 2028 thensam,
617 1935 783 2028 quotiens
808 1935 989 2031 parasitus
1014 1937 1153 2009 venerit
1178 1936 1307 2010 infans.

293 2166 365 2240 Pro
408 2166 476 2261 „ad
523 2164 715 2258 mensam'',
754 2188 847 2260 quae
885 2166 1048 2261 vulgaris
1084 2177 1139 2241 est
1164 2167 1290 2262 lectio,
1323 2169 1413 2262 legit

248 2309 349 2404 „ae'’,
386 2330 494 2403 quarn
528 2307 716 2381 leotionem
749 2306 901 2383 Iahnius
926 2331 971 2381 ex
997 2305 1085 2382 Ood.
1112 2307 1210 2382 Pith.
1237 2312 1413 2405 praetule-

244 2453 310 2543 rit,
347 2475 418 2526 non
451 2458 622 2547 reputans
655 2449 807 2525 eundem
840 2451 998 2524 codieem
1032 2474 1216 2547 perperam
1243 2452 1413 2526 exhibere

244 2595 331 2690 „ae”
358 2617 424 2691 pro
453 2592 543 2688 „ad”
570 2594 609 2665 in
634 2591 709 2666 Sat
736 2592 836 2665 XIII
862 2617 913 2668 vs.
944 2597 1024 2667 107.

291 2737 360 2811 His
385 2736 600 2811 oonieeturis
624 2736 821 2830 ingeniosis
846 2735 884 2808 id
909 2736 967 2809 vel
993 2737 1147 2809 maxime
1173 2737 1292 2810 obstat
1314 2738 1411 2832 quod

242 2882 342 2954 nullo
368 2880 471 2954 modo
496 2879 641 2976 probari
667 2887 800 2974 potest,
832 2879 895 2973 qui
921 2878 1001 2952 fieri
1025 2879 1183 2975 potuerit
1208 2887 1248 2953 ut
1273 2902 1318 2952 ex
1344 2881 1410 2955 illa

240 3024 393 3098 leotione
414 3023 519 3115 haee,
548 3044 656 3116 quam
680 3021 868 3112 habemus,
897 3029 976 3094 orta
1001 3021 1058 3094 sit.

290 3165 395 3256 Quod
420 3188 526 3261 porro
551 3164 639 3238 dioit
666 3165 838 3238 infantem
864 3187 936 3238 non
960 3188 1064 3261 posse
1090 3187 1218 3258 rogare
1239 3165 1409 3259 quianon

240 3311 409 3403 loquatur
442 3308 480 3382 id
510 3331 551 3381 eo
577 3309 755 3382 refutatur
781 3307 876 3402 quod
902 3331 1031 3401 rogare
1055 3306 1194 3402 aliquid
1221 3329 1409 3404 possumus

238 3461 274 3525 et
299 3474 371 3525 non
394 3451 583 3546 loquendo.
609 3451 706 3525 Tum
731 3450 904 3523 infantem
925 3452 997 3523 iam
1019 3450 1280 3545 ingredientem
1302 3473 1408 3523 voees

240 3595 381 3689 aliquas
414 3595 576 3668 emittere
609 3617 713 3690 posse
750 3594 945 3667 verisimile
982 3602 1046 3667 est.
1087 3591 1143 3666 Of.
1180 3591 1262 3667 Sen.
1299 3592 1405 3666 Here.

239 3738 326 3813 Fur.
349 3737 430 3812 Aet.
458 3737 519 3811 III
546 3761 596 3810 vs.
625 3739 705 3811 854.

286 3881 492 3955 Mirandum
518 3888 572 3955 est
596 3903 679 3955 eum
704 3889 935 3977 aspernatum
957 3904 1034 3955 esse
1059 3881 1248 3975 „minimas
1260 3878 1404 3969 nuoes''‚

236 4048 319 4097 nam
356 4032 441 4098 sunt
477 4023 626 4097 deliciae
663 4045 863 4123 puerorum?
896 4030 988 4097 teste
1026 4021 1301 4120 Marquardto2)
1342 4023 1406 4117 qui

237 4167 378 4262 eopiose
411 4189 454 4239 ea
486 4166 531 4239 de
564 4189 602 4239 re
634 4165 848 4262 disputavit,
885 4176 921 4240 et
957 4167 1132 4261 „nucibus
1157 4164 1304 4239 ludere’'
1331 4174 1404 4238 tam

279 4512 341 4588 1)1.
364 4512 383 4570 l.
405 4529 472 4589 pag.
495 4511 534 4569 45
556 4531 618 4589 sqq.

278 4619 303 4699 ²)
323 4617 754 4696 Becker-Marquardt.
786 4618 854 4678 Vol.
876 4620 905 4680 V
926 4638 996 4699 pars
1017 4621 1052 4694 2,
1073 4637 1140 4698 pag.
1162 4621 1331 4683 ors-mo.
