3300 5474
704 803 764 863 Vs.
787 803 954 863 172-173.

273 1041 426 1136 „Paree,
461 1067 603 1139 precor,
639 1043 778 1137 Paean,
814 1053 849 1118 et
883 1054 942 1135 tu,
978 1044 1064 1136 dea,
1092 1066 1183 1140 pone
1208 1045 1378 1139 sagittas,

271 1184 323 1257 nil
348 1186 451 1281 pueri
476 1186 632 1279 faciunt,
660 1187 776 1282 ipsam
802 1185 973 1280 configite
998 1184 1184 1259 matrem.’'

294 1430 445 1507 Oodioes
477 1433 629 1508 habent:
666 1442 725 1530 „et
757 1442 798 1509 tu
833 1435 970 1531 depone
994 1433 1180 1530 sagittas.’'
1205 1434 1312 1509 Hane
1337 1436 1414 1531 pul-

244 1575 457 1649 cherrimam
482 1575 634 1651 Graevii
652 1579 893 1652 eonieoturam
906 1588 1145 1674 aspernantur
1157 1577 1411 1673 Heinriebius,

245 1716 405 1792 Kiaerus
443 1741 508 1792 neo
546 1743 617 1794 non
655 1719 955 1795 Hdokermannus
968 1719 1007 1818 ¹).
1060 1720 1133 1795 Hie
1171 1720 1414 1797 Heineekium

243 1860 452 1935 eollaudans
476 1862 638 1935 oodieum
663 1863 852 1936 lectionem
878 1871 1036 1937 tuentem
1059 1886 1104 1936 ex
1117 1862 1413 1939 eiusdeiensione

243 2003 332 2076 haee
356 2005 543 2099 repetivit:
571 2004 654 2100 „Tu
679 2028 751 2078 non
777 2005 1002 2079 referendum
1028 2006 1074 2079 ad
1101 2006 1258 2080 Dianam
1283 2007 1346 2080 sed
1367 2006 1413 2081 ad

242 2144 466 2242 Apollinem,
495 2148 559 2257 qui
584 2147 775 2244 praeeedit.
803 2147 847 2220 In
874 2148 930 2222 bis
957 2158 993 2222 et
1017 2149 1198 2224 similibus
1218 2173 1413 2246 pronomen

242 2296 284 2361 tu
308 2288 485 2381 abundat,
513 2289 609 2384 quod
634 2290 804 2385 loquendi
829 2314 944 2386 genus
969 2292 1129 2366 illustrat
1155 2291 1342 2367 Bentleius
1366 2293 1412 2367 ad

242 2428 331 2503 Hor.
366 2429 485 2505 Oarm.
520 2431 596 2507 19.
626 2437 690 2508 16:
729 2457 818 2527 „neo
849 2433 974 2509 dulces
999 2433 1299 2532 amores'Sperne
1324 2460 1413 2532 puer

242 2597 358 2669 neque
384 2585 423 2650 tu
449 2576 631 2651 eboreas.”
660 2576 763 2652 Ooni.
792 2576 875 2651 Seu.
903 2577 1011 2653 Hero.
1039 2578 1127 2652 Fur.
1154 2578 1235 2652 XII
1262 2583 1306 2652 16
1334 2601 1411 2673 sqq.

241 2717 447 2814 Apollinem
472 2729 592 2795 autem
618 2720 704 2795 dum
730 2721 946 2815 alloquitur,
983 2721 1164 2815 intellegit
1189 2722 1298 2795 etiam
1325 2720 1413 2794 Dia-

241 2886 339 2955 nam,
380 2886 474 2958 quae
512 2887 584 2937 una
621 2887 702 2937 oum
740 2863 804 2937 illo
839 2886 929 2960 opus
965 2864 1125 2960 perfecit.
1167 2861 1278 2958 Verg.
1316 2863 1408 2937 Aen.

242 3002 339 3078 VIII
360 3008 449 3079 525:
479 3005 596 3100 „Vos,
624 3002 839 3102 oOalliope,
864 3029 1007 3102 precor,
1034 3006 1218 3103 adspirate
1231 3006 1409 3082 canenti.''

241 3144 295 3220 Sil
332 3147 393 3222 III
431 3152 520 3224 222:
563 3147 732 3245 „Prodite
766 3146 1410 3245 Oauiope.²’-H0m.11.vss284:

242 3299 344 3393 „Idai,
374 3300 489 3392 Ἕκτορι
518 3309 611 3365 ταῦτα
628 3299 767 3391 Ικελεύετε
794 3292 1064 3387 μυθήσασθαι.””
1102 3291 1219 3383 Quam
1254 3294 1300 3367 Ob
1337 3316 1411 3366 rem

239 3439 540 3515 Hsokermannus
560 3436 661 3509 illam
690 3435 933 3510 defensionem
954 3436 1137 3510 vocaverit
1149 3442 1408 3531 praestantem,

239 3608 310 3659 non
343 3581 458 3655 video.
489 3579 588 3652 Mihi
612 3578 756 3673 quidem
782 3578 973 3653 admodum
999 3576 1129 3652 debilis
1154 3600 1231 3654 esse
1256 3577 1409 3651 videtur.

240 3728 334 3802 Nam
359 3747 419 3816 ea,
446 3745 540 3818 quae
565 3722 628 3795 ille
655 3731 774 3796 monet
799 3721 844 3795 de
865 3722 1074 3817 pronomine
1095 3720 1301 3795 abundante
1314 3720 1411 3815 quod

239 3879 293 3944 est
321 3868 426 3963 „tu”,
453 3867 570 3940 solum
595 3865 748 3961 probant
770 3890 860 3961 poseo
886 3865 954 3939 hoo
979 3886 1174 3961 pronomen
1198 3865 1411 3938 nostrolooo

238 4015 366 4090 referri
397 4012 448 4088 ad*
478 4011 703 4108 Apollinem,
738 4010 831 4083 nihil
866 4010 976 4084 aliud.
1015 4008 1158 4082 Deinde
1192 4009 1281 4101 loci,
1321 4030 1411 4102 quos

237 4159 361 4234 attulit
386 4167 427 4233 ut
451 4157 711 4231 demonstraret
736 4161 859 4250 poetas
885 4175 1153 4247 nonnumquam
1178 4174 1290 4226 unum
1302 4151 1411 4226 deum

238 4301 453 4398 compellare
498 4299 621 4395 plures
655 4295 877 4391 significare,
928 4318 951 4369 a
988 4301 1111 4368 nostro
1148 4294 1227 4368 loeo
1265 4316 1411 4390 prorsus

280 4650 304 4729 ¹)
325 4648 391 4708 Der
414 4648 565 4708 Pithoean
587 4645 700 4706 Codex.
722 4662 790 4724 pag.
812 4645 851 4702 26
872 4663 935 4722 sqq.
