3300 5474
802 429 836 487 51

241 618 356 693 oritur
379 616 575 709 sententia,
603 616 642 689 ni
668 616 793 709 fallor,
820 638 914 711 quae
926 623 962 688 et
975 613 1210 709 sequentibus
1223 614 1408 709 aptissime

241 760 454 856 excipiatur.
496 756 577 833 Hoc
608 757 716 831 dicit:
751 767 789 832 at
824 779 909 830 vero
934 756 1075 851 quoties
1101 756 1274 830 lascivum
1300 755 1407 829 inter·

240 903 341 977 venit
374 900 467 975 illud
489 912 551 983 ζωή
572 916 621 971 καὶ
644 908 745 993 ψυχή,
780 899 893 973 uteris
918 898 955 971 in
981 899 1125 994 publico
1150 897 1287 990 verbis,
1314 920 1408 993 quae

240 1042 346 1119 modo
382 1040 421 1141 (i.
446 1064 477 1116 e.
503 1050 605 1132 ante,
637 1063 720 1115 cum
754 1041 910 1115 nondum
945 1041 1068 1115 vetula
1101 1063 1198 1133 eras,
1233 1040 1297 1115 illo
1322 1048 1408 1114 tem-

240 1207 329 1281 pore
351 1207 424 1279 quo
448 1184 487 1257 in
512 1184 583 1257 viri
608 1182 834 1278 amplexibus
859 1182 1004 1278 saepius
1028 1182 1093 1257 illa
1119 1180 1404 1279 verbaemisisti)

240 1328 312 1402 sub
348 1327 465 1401 lodice
497 1326 629 1401 emissa
660 1333 746 1399 sunt
780 1348 803 1398 a
835 1335 894 1414 te,
929 1324 1062 1420 quibus
1093 1333 1199 1398 antea
1231 1324 1329 1399 viros
1362 1324 1408 1398 ad

240 1470 374 1544 coitum
408 1468 601 1565 pellexisti.
642 1465 748 1557 Quod
781 1466 877 1539 euim
905 1465 973 1563 (ita
997 1488 1117 1540 secum
1144 1488 1235 1539 anus
1255 1464 1404 1563 cogitat)

241 1635 314 1687 nou
338 1610 472 1685 excitet
496 1610 631 1705 inguen
659 1632 729 1682 vox
755 1608 889 1682 blanda
900 1616 937 1681 et
950 1606 1131 1702 nequam?
1158 1607 1264 1681 Mart.
1278 1606 1406 1681 Vrsa.

242 1752 324 1828 Hoc
348 1752 507 1827 vetulam
532 1750 625 1825 facio
650 1751 886 1844 cogitantem,
913 1772 985 1844 quo
1004 1750 1168 1825 acerbius
1181 1750 1290 1823 etiam
1302 1757 1408 1846 poeta

240 1893 461 1993 perstringat
493 1902 647 1967 mentem
676 1914 768 1966 anus
800 1891 1006 1966 detestabili
1037 1894 1211 1987 pollutam
1236 1892 1405 1983 libidine,

240 2037 377 2133 quippe
416 2058 510 2131 quae
543 2036 594 2109 ita
626 2035 664 2108 id
698 2035 888 2109 consilium
909 2035 1033 2109 iniisse
1058 2036 1338 2123 demonstretur,
1365 2047 1407 2110 nt

240 2180 343 2255 viros
375 2180 444 2253 sub
477 2178 628 2253 lodicem
661 2177 824 2252 illiceret.
855 2175 1015 2252 Gravius
1040 2185 1196 2251 nuncet
1222 2178 1406 2251 vehemen-

238 2322 317 2397 tius
340 2320 576 2396 feriunthaec
589 2320 699 2394 verba
711 2328 856 2416 poetae:
878 2328 941 2413 „ut
952 2327 1071 2394 tamen
1085 2342 1207 2393 omnes
1218 2320 1405 2394 subsidant

238 2464 393 2560 pinnae:
428 2462 528 2537 dioas
556 2461 646 2536 haec
678 2461 823 2535 mollius
856 2460 995 2535 Haemo
1028 2483 1233 2556 quanquam
1259 2470 1295 2535 et
1320 2460 1406 2536 Gar·

238 2603 424 2701 pophoro,
449 2603 560 2677 facies
584 2612 648 2677 tua
673 2612 855 2698 computat
880 2626 1001 2677 annos.

293 2744 334 2820 Si
358 2745 440 2841 quis
464 2744 654 2819 lectionem
680 2744 863 2839 „emissis”
891 2767 932 2818 eo
957 2753 1178 2841 aspernetur,
1195 2744 1290 2840 quod
1303 2769 1406 2841 spon-

238 2888 334 2963 deus
376 2888 414 2961 in
457 2888 584 2983 quinto
623 2909 748 2961 versus
785 2887 874 2983 pede
911 2888 1117 2963 inveniatur
1154 2888 1296 2987 dactylo
1335 2913 1406 2963 nou

238 3030 497 3128 praecedente,
524 3030 685 3104 conferat
710 3027 784 3104 Sat.
811 3030 847 3104 V
873 3033 939 3104 38:
969 3030 1186 3124 „Heliadum
1207 3039 1346 3106 crustas
1371 3040 1407 3105 et

238 3172 451 3267 inaequales
473 3170 666 3270 beryllos.''

295 3313 426 3409 „Modo
464 3312 609 3387 relatis'’
648 3311 815 3412 (emissis)
852 3313 1024 3409 optimum
1046 3316 1218 3409 praebent
1242 3338 1403 3409 sensnm,

238 3458 322 3533 sive
353 3456 544 3553 participio
577 3455 674 3551 quod
707 3464 762 3529 est
789 3455 956 3548 „relatis”
979 3456 1229 3551 significantur
1250 3480 1406 3553 eaquae

239 3599 360 3675 relata
395 3605 499 3690 sunt,
537 3596 614 3671 sive
652 3618 745 3691 quae
765 3598 1029 3689 referebantur,
1070 3622 1151 3672 nam
1177 3600 1405 3696 participium

240 3741 441 3839 perfectum
485 3738 531 3811 de
572 3737 712 3813 actione
749 3740 808 3812 vel
845 3747 943 3814 statu
980 3740 1158 3815 interdum
1196 3741 1268 3817 dici
1304 3743 1406 3817 nulla

240 3883 415 3980 temporis
445 3879 709 3977 significatione
743 3881 856 3973 facta,
905 3881 1080 3976 imprimis
1124 3905 1206 3957 cnm
1243 3885 1405 3960 absolute

241 4025 401 4124 positum
432 4024 499 4114 sit,
535 4022 677 4096 abunde
707 4029 806 4118 patet
831 4045 876 4096 ex
902 4023 990 4097 locis
1018 4046 1108 4118 quos
1133 4025 1342 4121 Draegerus
1366 4028 1404 4101 in

243 4168 340 4241 libro
372 4166 437 4262 qui
468 4164 695 4239 inscribitur:
733 4163 828 4237 Hist.
864 4162 1005 4262 Syntax
1031 4165 1095 4239 der
1118 4166 1199 4240 Lat.
1227 4165 1403 4264 Spraohe,

244 4308 335 4401 Vol,
355 4306 417 4383 ΠΙ
440 4308 464 4402 ἓ
487 4308 560 4380 514
584 4314 621 4380 et
645 4308 736 4397 582,
760 4308 955 4401 permultos
979 4309 1113 4383 attulit.
1140 4308 1277 4384 Eodem
1301 4311 1404 4385 modo

244 4450 322 4526 Sat.
356 4449 377 4522 I
421 4471 529 4523 versu
572 4451 642 4520 114
678 4450 789 4522 verba
832 4449 1011 4543 „salutato
1046 4450 1153 4524 nido''
1198 4451 1404 4546 significant

247 4592 378 4689 ,nidus
410 4613 491 4665 cum
524 4588 736 4682 salutatur’',
773 4599 814 4664 ut
847 4614 917 4665 uon
951 4613 1058 4686 egeas
1082 4592 1322 4688 explicatione
1345 4616 1403 4667 ex·
