3300 5474
808 438 846 499 77

243 636 284 701 ut
312 628 498 703 Naevolns
519 628 587 703 hoo
599 627 713 702 dieat:
743 627 945 722 „sufficiunt
957 628 1063 720 haee,
1078 628 1222 723 quando
1238 626 1409 725 (quaudo

243 769 402 870 quidem)
430 794 567 867 pauper
592 771 675 845 ero''
703 771 791 846 dicit
816 773 927 846 verba
952 794 1045 867 quae
1070 779 1288 866 sequuntur,
1322 773 1410 868 quia

242 913 439 1009 singularis
474 915 664 989 verborum
697 936 869 989 numerus
894 913 940 987 ad
965 920 1121 1008 quatuor
1148 913 1301 988 Naevoli
1325 924 1410 991 vota

242 1055 331 1129 dure
356 1057 577 1148 referantur,
610 1062 734 1130 votum
759 1078 1009 1151 praegressum
1035 1057 1131 1150 quod
1156 1057 1301 1152 singula
1326 1066 1410 1131 vota

243 1198 281 1270 in
320 1220 433 1272 unum
468 1204 639 1293 tanquam
673 1198 884 1291 contulerit„
920 1197 1102 1294 requirere
1133 1198 1266 1286 videri„
1301 1198 1409 1295 idque

242 1347 364 1414 votum
389 1341 428 1413 in
454 1340 873 1436 sententiapraeoedenti
887 1342 999 1415 latere
1015 1339 1180 1436 „quando
1193 1363 1260 1436 ego
1273 1364 1409 1438 pauper

242 1481 325 1556 ero”
360 1491 396 1556 et
430 1482 519 1558 haee
554 1484 666 1557 verba
699 1483 956 1578 interrogantis
988 1505 1075 1557 esse.
1114 1482 1245 1575 Addit,
1276 1484 1308 1558 si
1332 1507 1409 1558 sen-

242 1625 356 1699 tentia
381 1626 639 1720 interrogantis
664 1649 735 1699 non
761 1625 907 1715 fuisset,
931 1633 1071 1720 poetam
1083 1625 1301 1700 adieotivum
1313 1625 1409 1721 quod

241 1775 296 1842 est
324 1767 503 1863 „pauper”
532 1791 629 1842 more
654 1791 737 1861 suo„
764 1768 852 1864 quia
876 1768 1102 1842 cohaerentia
1127 1769 1300 1842 sermonis
1324 1768 1410 1843 huie

242 1909 419 1984 adieetivo
457 1911 627 1985 maiorem
667 1911 740 1984 vim
778 1911 831 1984 sie
867 1909 1081 2002 addidisset,
1126 1911 1241 2007 primo
1284 1933 1410 1985 versus

241 2053 319 2127 looo
354 2053 557 2148 positurum
590 2053 702 2128 fuisse
727 2053 922 2128 verisimile
947 2075 1042 2127 esse:
1080 2075 1238 2149 „pauper
1265 2052 1409 2148 quando

242 2218 309 2288 ego
334 2194 429 2269 ero.”

290 2338 431 2424 Verba„
471 2360 564 2432 quae
600 2345 685 2413 sunt
725 2345 870 2431 „votum
909 2336 1133 2412 miserabile”
1174 2337 1220 2411 ad
1254 2346 1409 2432 quatuor

243 2489 326 2555 vota
359 2481 448 2555 dure
483 2481 608 2554 referri
635 2481 713 2555 viro
739 2481 843 2555 dooto
869 2479 1041 2572 eonoedo,
1075 2481 1126 2554 ita
1153 2489 1271 2554 tamen
1296 2489 1336 2554 ut
1363 2480 1409 2554 ad

242 2623 319 2698 eius
344 2623 568 2720 opinionem,
591 2623 701 2697 verba
726 2622 892 2718 „quando
904 2645 1041 2727 pauper
1054 2622 1137 2696 ero”
1152 2622 1409 2717 interrogantis

240 2788 334 2856 esse„
371 2789 441 2839 non
469 2765 645 2839 aooedam.
673 2764 778 2839 Talis
810 2765 1046 2860 interrogatio
1079 2789 1151 2839 non
1176 2772 1230 2839 est
1254 2764 1409 2839 hominis

241 2909 312 2982 iam
346 2907 524 3004 pauperis.
566 2907 677 2983 Dieat
711 2908 890 3004 quispiam
924 2930 1047 2982 vooem
1076 2906 1255 3003 „pauper”
1282 2907 1342 2982 hio
1366 2929 1408 2981 eo

240 3073 347 3147 sensu
373 3056 581 3145 usurpatam
607 3073 700 3142 esse„
728 3060 769 3125 ut
794 3050 975 3145 signifioet
1004 3050 1078 3145 „ita
1102 3073 1239 3147 pauper
1251 3058 1292 3124 ut
1305 3057 1410 3146 poeta

240 3191 375 3266 ironioe
418 3215 500 3268 eum
537 3192 748 3288 intellegere
786 3201 1033 3290 paupertatem
1071 3192 1194 3286 dioit”;
1233 3192 1296 3267 sed
1333 3200 1410 3267 tota

241 3343 366 3409 satura
386 3316 668 3429 ita'eomparata
695 3341 768 3428 est,
795 3341 836 3408 ut
862 3334 1027 3409 Naevola
1051 3334 1313 3410 demonstretur
1338 3333 1409 3408 sibi

241 3476 357 3550 videri
397 3476 589 3550 admodum
626 3475 826 3570 modestus„
865 3477 913 3552 sit
951 3477 1035 3550 lieet
1068 3476 1408 3573 impudentissimus.

241 3617 360 3709 Quam
386 3621 432 3693 ob
458 3641 533 3693 rem
561 3619 742 3715 „pauper”
770 3619 914 3716 proprio
940 3642 1047 3695 sensu
1072 3619 1209 3695 dietum
1232 3626 1297 3694 est.

291 3758 329 3834 si
370 3761 557 3836 Naevolns
591 3761 848 3857 interrogasset
885 3761 1050 3856 „quando
1082 3784 1219 3858 pauper
1254 3760 1338 3836 ero”
1372 3768 1409 3835 et

241 3926 336 3978 nova
360 3904 412 3978 ibi
437 3904 612 4000 inciperet
637 3904 835 3997 sententia,
861 3904 941 3978 fieri
966 3927 1038 3978 non
1063 3912 1183 4001 posset
1196 3904 1285 4000 quin
1298 3905 1409 3979 verba
1486 3923 1489 3927 ’

244 4055 388 4141 „votum
414 4046 641 4122 miserabile”
667 4054 704 4120 et
732 4070 819 4141 „neo
844 4069 925 4143 spes
949 4046 1007 4120 his
1032 4045 1181 4120 saltem”
1204 4047 1409 4122 aroteinter

241 4211 280 4263 se
305 4189 555 4281 cohaererent,
582 4198 618 4264 et
644 4196 798 4285 utraque
823 4189 1001 4264 sententia
1025 4188 1221 4283 pertineret
1246 4188 1293 4262 ad
1306 4189 1407 4263 illam

240 4330 577 4426 interrogationem„
612 4330 708 4427 quod
741 4338 862 4405 tamen
895 4338 1042 4427 propter
1074 4331 1251 4427 pluralem
1283 4353 1409 4427 prono·

240 4472 347 4546 minis
375 4472 477 4567 „his”
505 4496 693 4549 numerum
718 4495 845 4547 verum
869 4494 947 4546 esse
971 4495 1043 4546 non
1067 4480 1195 4569 potest.

289 4614 393 4688 Haeo
431 4618 542 4690 verba
582 4638 670 4710 „neo
705 4638 787 4712 spes
824 4615 881 4690 his
917 4615 1067 4692 saltem”
1106 4638 1187 4693 oum
1220 4617 1408 4692 manifesto
