3300 5474
798 419 837 478 48

237 614 354 687 oleum
388 619 423 684 et
456 633 600 707 operam
633 609 799 705 perdere,
835 629 951 702 neque
988 615 1029 680 ut
1069 609 1216 682 vocibus
1241 610 1409 686 dulcibus

238 755 355 827 virum
389 751 434 825 ad
468 753 601 826 coitum
626 752 788 846 impellat
813 750 846 823 ei
873 750 1091 844 contingere.
1119 750 1189 824 His
1216 752 1404 827 difficulta-

237 897 335 969 tibus
360 897 461 969 locus
487 896 638 968 laborat.

287 1035 447 1111 Kiaerus
459 1036 506 1134 ¹),
554 1036 658 1110 modo
700 1058 809 1109 unam
846 1035 1093 1109 difficultatem
1131 1037 1256 1128 tollas,
1304 1046 1408 1133 putat

238 1181 357 1254 omnia
381 1188 476 1253 recte
500 1202 538 1252 se
565 1178 713 1269 habere3
754 1186 895 1252 tantum
919 1200 1004 1250 vero
1030 1179 1130 1251 abest
1156 1188 1197 1251 ut
1222 1178 1306 1251 illas
1333 1202 1408 1254 sus

238 1323 381 1413 tulerit,
407 1330 447 1395 ut
475 1344 585 1394 novas
611 1320 789 1393 addiderit
816 1342 963 1415 remque
988 1321 1105 1414 magis
1130 1322 1343 1394 turbaverit.
1371 1321 1410 1394 Is

238 1467 347 1558 enim,
383 1474 572 1561 postquam
602 1462 723 1536 Iahnii
750 1485 917 1536 versuum
943 1461 1210 1536 distinctionem
1237 1485 1311 1536 rem
1337 1487 1409 1538 non

238 1607 407 1704 expedire
446 1607 591 1698 statuit,
621 1604 905 1699 Heinrichioque
930 1605 1104 1678 concessit
1131 1628 1236 1679 voces
1272 1607 1408 1699 ,uteris

238 1749 396 1826 relictis''
431 1772 512 1823 cum
542 1748 691 1822 vocibus
719 1747 853 1840 „uteris
879 1745 917 1820 in
942 1746 1071 1820 turba''
1099 1771 1170 1819 non
1196 1749 1407 1840 usuvenire,

239 1895 291 1969 sic
336 1894 472 1989 pergit:
522 1914 618 1984 „una
654 1898 794 1964 tantum
832 1890 904 1963 loci
944 1889 1136 1963 enarrandi
1173 1890 1234 1964 via
1272 1899 1409 1965 restare

239 2038 400 2126 videtur,
428 2058 555 2131 quam,
578 2034 666 2129 quia
686 2035 910 2128 argumentis
922 2034 1011 2107 satis
1023 2033 1162 2108 idoneis
1174 2057 1254 2108 eam
1266 2034 1409 2108 firmare

239 2202 395 2274 nequeo,
419 2177 571 2251 aliorum
596 2176 730 2251 iudicio
755 2177 930 2250 subiciam
952 2177 1192 2272 potiusquam
1206 2177 1406 2252 defendam.

240 2321 356 2396 Voces
400 2321 460 2414 ,in
507 2319 636 2392 turba''
676 2341 768 2413 quae
806 2319 1019 2393 sententiam
1057 2320 1287 2416 perturbant,
1328 2344 1410 2395 cum

178 2448 179 2451 ¹
239 2463 540 2559 subsequentibus
585 2485 656 2535 non
701 2484 783 2536 eum
829 2463 1074 2558 superioribus
1111 2462 1294 2557 iungenda
1332 2487 1410 2537 esse

239 2608 344 2681 credo
369 2614 405 2680 et
430 2605 678 2680 scribendum:

606 2808 757 2900 Quoties
784 2809 958 2883 lascivum
985 2810 1181 2885 intervenit
1210 2810 1303 2884 illud

336 2968 396 3038 ζωὴ
418 2972 468 3026 καὶ
490 2962 590 3048 ψυχή,
615 2952 719 3026 modo
745 2953 812 3025 sub
838 2951 954 3026 lodice
980 2954 1120 3027 relictis

337 3098 460 3172 uteris.
486 3096 531 3169 In
555 3097 663 3170 turba
687 3095 783 3190 quod
809 3095 905 3168 enim
930 3118 1001 3168 non
1025 3096 1157 3170 excitet
1179 3097 1316 3190 inguen
1341 3103 1409 3169 ete.

289 3303 539 3398 Participium,
566 3301 662 3396 quod
687 3308 741 3374 est
771 3299 960 3394 ,relictis'',
988 3299 1124 3374 nudum
1150 3301 1306 3395 positum
1332 3322 1410 3373 esse

241 3446 384 3540 nequit,
411 3452 553 3518 etcum
579 3443 874 3539 praecedentibus
887 3443 1036 3517 vocibus
1062 3443 1152 3536 ,sub
1165 3441 1301 3516 lodiee”
1325 3466 1408 3517 cum

241 3590 286 3662 ob
332 3588 523 3661 verborum
564 3587 719 3682 positum
757 3594 833 3659 tum
872 3587 918 3659 ob
956 3586 1060 3658 metri
1099 3586 1273 3659 rationem
1311 3593 1409 3659 arcte

241 3732 424 3823 cohaeret,
450 3751 559 3824 quam
585 3731 630 3803 ob
656 3752 732 3802 rem
757 3752 827 3803 non
856 3730 946 3823 „sub
970 3728 1086 3803 lodice
1114 3729 1228 3802 uteris
1249 3727 1407 3802 relictis''

240 3873 479 3949 enarrandum
504 3871 590 3945 est.''
619 3871 749 3946 Paullo
774 3879 854 3966 post
879 3873 1141 3946 enarrationem
1162 3872 1215 3946 sic
1232 3872 1407 3946 absolvit:

243 4017 451 4112 „Iuvenalis
483 4015 725 4089 locutionibus
757 4037 802 4088 ex
836 4015 1046 4109 quotidiano
1071 4037 1232 4089 sermone
1256 4015 1409 4110 sumptis

241 4160 384 4256 saepius
398 4159 542 4249 utitur,
569 4165 604 4231 et
630 4158 698 4231 hoc
725 4159 803 4231 loco
824 4181 906 4232 eum
927 4159 1036 4232 talem
1056 4158 1290 4250 locutionem,
1317 4141 1412 4252 quae

242 4303 286 4377 de
310 4301 515 4376 hominibus
541 4300 673 4373 infimis
695 4301 848 4374 ferretur
872 4298 954 4398 (snb
966 4300 1082 4375 lodice
1095 4301 1261 4375 relictum
1274 4323 1353 4374 esse
1366 4324 1412 4362 =

243 4521 401 4529 ————

287 4617 310 4693 ¹)
329 4617 347 4674 1.
370 4616 389 4674 l.
412 4634 479 4695 pag.
503 4617 560 4674 103
583 4634 645 4693 sqq.
