3300 5474
849 435 886 493 74

283 620 369 718 (non
402 621 446 695 de
479 621 566 697 ludo
599 622 815 717 gladiatorio
850 622 988 720 verum)
1024 623 1223 717 „figurate”
1250 624 1347 699 dicta
1373 648 1450 700 esse

280 789 426 841 1666666
452 766 573 839 Madv.
601 767 718 861 potuit
743 788 936 861 provocare
961 766 1006 838 ad
1029 789 1170 841 versum
1183 768 1292 842 huius
1304 778 1448 843 saturae

279 912 337 984 85.
373 907 509 983 Contra
543 908 704 1004 Ruperto
736 917 772 982 et
806 908 1000 982 Weidnero
1039 909 1220 984 adsentior
1245 912 1449 986 delentibus

278 1076 421 1126 versum
448 1056 518 1125 194
543 1075 587 1125 66
610 1052 801 1147 praecipue
813 1052 858 1125 de
875 1075 1001 1144 causa,
1017 1053 1112 1147 quod
1125 1053 1184 1127 hic
1198 1077 1324 1128 versus
1337 1056 1449 1129 verba

281 1197 403 1290 ,nullo
429 1203 578 1290 cogente
604 1193 769 1268 Nerone'’
797 1194 938 1267 divellit
963 1219 985 1269 a
1011 1218 1117 1270 versu
1145 1198 1233 1288 195,
1263 1198 1358 1291 quod
1373 1198 1449 1272 ullo

278 1338 382 1412 modo
407 1337 494 1411 ferri
523 1358 626 1432 posse
649 1360 797 1432 prorsus
821 1338 1040 1432 negaverim.

326 1481 399 1554 Illa
422 1481 475 1552 ita
495 1501 572 1553 esse
596 1478 805 1574 Madvigius
829 1488 1017 1575 postquam
1043 1480 1216 1573 ostendit,
1244 1481 1289 1554 ad
1305 1504 1447 1556 versum

279 1628 347 1697 199
382 1622 536 1714 aceedit,
572 1644 678 1716 quem
712 1622 765 1696 sic
797 1629 960 1696 enarrat:
994 1622 1202 1716 „Iuvenalis
1227 1622 1332 1697 dicit:
1359 1624 1448 1719 quid

277 1767 374 1840 ultra
399 1766 488 1839 haec
512 1771 648 1838 restare
672 1763 743 1837 nisi
768 1763 893 1839 ludum
918 1766 1072 1839 lanistae
1098 1774 1133 1838 et
1158 1765 1329 1840 arenam?
1370 1766 1448 1841 Nec

275 1909 313 1982 id
338 1908 478 2002 deesse;
501 1905 706 1982 Gracchum
732 1931 913 2003 pugnasse
938 1932 981 1982 66
993 1932 1039 1982 66
1051 1932 1094 1983 66
1106 1909 1250 2004 quidem
1264 1917 1448 1984 armatura

276 2074 349 2146 qua
373 2052 483 2124 facies
509 2049 820 2124 absconderetur.''

325 2192 551 2286 Sehcltius1)
577 2194 710 2284 facem,
738 2215 846 2287 quam
870 2201 906 2266 et
932 2193 1002 2289 ipsi
1027 2195 1199 2290 praetulit
1214 2194 1443 2290 Madvigius,

275 2359 464 2433 spernens,-
510 2335 701 2430 densisque
748 2334 904 2409 tenebris
946 2358 1071 2410 rursus
1108 2344 1216 2433 caput
1254 2338 1445 2411 involvens

275 2486 396 2577 putat,
432 2486 513 2574 post
542 2486 637 2552 artes
670 2479 851 2553 scaenicas
885 2487 920 2552 et
952 2504 1069 2551 macas
1099 2480 1324 2576 gladiatorium
1349 2479 1442 2552 nihil

273 2630 427 2714 restare,
454 2622 525 2695 nisi
550 2629 591 2695 ut
607 2621 761 2714 „nobilis
774 2620 907 2715 aliquis
920 2621 977 2694 vir
990 2628 1161 2715 tanquam
1175 2621 1259 2694 vilis
1272 2621 1441 2696 retiarius

273 2766 312 2840 in
337 2787 483 2840 arenam
508 2763 734 2856 descendat'',
760 2771 796 2838 et
822 2764 953 2838 conicit
974 2787 1038 2859 pro
1052 2786 1139 2838 voce
1158 2764 1310 2858 „ludus”
1325 2765 1445 2858 legen-

274 2908 359 2983 dum
392 2929 470 2981 esse
505 2905 679 3000 „nudus'',
709 2905 805 3000 quod
830 2928 875 2980 ex
901 2905 1138 3002 descriptione
1163 2929 1256 3001 quae
1281 2907 1445 3001 sequitur

273 3058 413 3146 pateat,
452 3047 658 3124 Gracchum
703 3056 875 3143 tanquam
916 3049 1103 3122 retiarium
1136 3049 1175 3121 in
1208 3071 1352 3122 arenam
1387 3047 1445 3122 de-

272 3192 461 3268 scendisse.
534 3190 670 3266 Vereor
714 3214 760 3265 ne
804 3191 893 3265 haec
937 3191 1055 3265 levius
1099 3214 1207 3286 quam
1254 3191 1377 3265 verius
1422 3214 1445 3265 a

274 3334 434 3409 Sehcltio
460 3333 556 3408 dieta
580 3334 663 3408 sint.
691 3333 786 3408 Nam
811 3334 843 3408 si
868 3356 994 3407 revera
1020 3342 1124 3429 poeta
1141 3334 1209 3407 hoe
1221 3334 1441 3430 scripsisset,

272 3478 360 3574 qum
396 3477 467 3552 661
501 3478 635 3550 venant
668 3477 734 3550 ma
770 3498 858 3571 ,neo
891 3477 1131 3574 myrmillonis
1164 3477 1203 3550 in
1237 3475 1368 3549 armar
1408 3484 1443 3549 a

269 3644 366 3722 „quae
411 3620 636 3716 sequuntur?
683 3620 813 3695 Nonne
850 3620 1005 3694 oriretur
1042 3620 1233 3694 admodum
1270 3620 1444 3716 languida

272 3763 450 3839 666166116
474 3771 511 3838 61
534 3761 699 3837 insulsa?
724 3761 822 3853 Quid
843 3761 964 3837 enim?
991 3761 1093 3837 Haec
1107 3763 1339 3837 haberemus:
1354 3763 1443 3836 haec

272 3909 370 3981 ultra
402 3905 490 4001 quid
522 3904 592 3979 erit
616 3905 686 3979 nisi
708 3905 827 3979 nudus
853 3905 876 3977 i.
904 3928 934 3978 6.
962 3904 1171 3979 tunicatus?
1207 3904 1257 3978 Et
1281 3905 1359 3979 illic
1385 3903 1443 3978 de-

272 4048 381 4123 decus
406 4048 507 4123 urbis
532 4048 643 4122 habes
668 4047 691 4121 i.
717 4070 747 4120 c.
774 4056 810 4121 61
834 4070 873 4121 16
899 4070 984 4120 vera
1009 4048 1210 4122 tunicatum
1238 4048 1325 4121 urbs
1351 4048 1443 4121 vidit

273 4197 511 4288 pugnantem,
546 4213 613 4264 666
646 4189 883 4288 myrmillonis
918 4189 956 4275 in
986 4191 1096 4263 armis
1120 4212 1193 4285 eqs.
1234 4190 1352 4285 Ergo:
1379 4191 1442 4285 qui

273 4334 456 4409 tunicatus
481 4341 553 4427 est,
581 4357 652 4408 666
677 4341 731 4407 661
756 4333 994 4431 myrmillonis
1019 4333 1058 4405 in
1083 4333 1209 4427 armis,
1233 4356 1299 4406 666
1315 4334 1442 4430 clypeo

316 4648 340 4723 l)
359 4648 377 4706 l.
401 4649 419 4707 l.
442 4666 511 4727 pag.
534 4650 573 4707 68
595 4667 656 4727 sqq.
