3300 5474
843 417 882 478 76

277 607 393 680 solum
430 607 536 702 plane
575 606 690 680 otiosa
727 628 804 680 esse
839 605 1002 700 videtur,
1038 604 1168 681 sedne
1193 612 1276 702 apte
1300 606 1446 700 quidem

278 772 359 823 oum
396 748 442 822 iis
475 749 675 823 convenire.
718 749 812 824 Nam
847 772 940 845 quae
972 749 1088 846 pluris
1122 756 1207 824 sunt
1240 770 1349 843 quam
1383 772 1443 841 ea,

277 914 371 988 quae
404 893 582 988 postulas,
623 916 694 967 non
728 891 832 967 modo
865 893 933 967 tibi
967 892 1148 967 sufficiunt
1181 892 1244 967 sed
1273 915 1316 966 ea
1340 900 1445 988 grato

277 1035 396 1109 animo
421 1035 565 1131 aooipis.
600 1034 696 1110 Tum
722 1036 941 1131 comparatio
967 1034 1165 1109 Deciorum
1191 1058 1271 1110 eum
1296 1035 1446 1130 legioni-

277 1178 346 1252 bus
390 1176 538 1251 auxiliis
588 1177 755 1272 pubeque
793 1177 927 1251 Latina
971 1177 1139 1251 instituta
1187 1175 1344 1251 absurda
1380 1184 1444 1251 est.

277 1319 466 1394 Piaculum
501 1319 597 1393 enim
630 1321 757 1415 eulpae
793 1318 859 1394 deo
895 1327 1011 1416 potest
1036 1321 1200 1415 sufficere,
1229 1341 1300 1392 non
1325 1327 1446 1393 tamen

276 1463 392 1558 pluris
418 1470 472 1535 est
497 1485 605 1558 quam
627 1485 721 1558 quae
746 1471 946 1538 servantur.
987 1463 1157 1558 Denique
1182 1462 1301 1536 minus
1327 1463 1446 1558 placet

276 1625 471 1699 pronomen
498 1603 616 1698 „illis”
648 1604 694 1678 ad
708 1602 843 1679 Decios
869 1605 1080 1700 respiciens,
1108 1604 1222 1700 quod,
1242 1626 1323 1678 oum
1337 1603 1446 1677 etiam

276 1746 403 1820 referri
429 1747 541 1842 possit
566 1747 612 1821 ad
628 1746 707 1841 „dis
720 1747 892 1821 infernis”
909 1755 944 1822 et
960 1748 1068 1842 „totis
1079 1746 1285 1842 legionibus
1297 1745 1445 1820 auxiliis

275 1897 386 1984 atque
410 1890 506 1985 pube
530 1888 684 1962 Latina”
712 1889 831 1963 minus
856 1899 951 1964 reete
977 1890 1037 1964 hio
1061 1889 1206 1984 legitur.
1237 1888 1444 1962 Praestaret

284 2030 397 2126 „bis’',
438 2054 520 2104 nam
550 2031 829 2106 demonstrativo
854 2032 951 2128 quod
976 2040 1030 2107 est
1058 2031 1134 2127 „is”
1160 2031 1317 2106 abstinet
1342 2030 1447 2105 Iuve-

276 2174 381 2249 nalis.
420 2173 515 2248 Vide
540 2173 775 2273 Kiaerum1).

326 2316 396 2391 His
429 2317 502 2390 iam
535 2317 679 2413 seriptis
713 2316 789 2390 vidi
823 2315 1108 2392 Herwerdenum
1123 2316 1151 2416 2)
1192 2339 1336 2391 versum
1372 2317 1444 2391 iam

279 2459 445 2551 eiecisse,
472 2459 536 2555 qui
561 2459 669 2533 simul
695 2482 840 2534 oausam
865 2460 1152 2556 interpolationis
1177 2459 1325 2533 addidit.

634 3116 910 3193 slroal
956 3118 1113 3234 vum

735 3379 796 3441 Vs,
820 3382 985 3440 leo-148.

1016 3565 1206 3642 Sufficiunt
1230 3567 1336 3662 haee,

327 3705 471 3801 quando
497 3728 565 3801 ego
590 3730 727 3804 pauper
751 3731 822 3782 ero.
850 3717 973 3782 votum
999 3709 1221 3803 miserabile,
1249 3732 1314 3785 nee
1339 3732 1421 3805 spes

325 3847 383 3922 his
409 3850 555 3942 saltem3
584 3873 667 3922 nam
693 3872 773 3924 oum
799 3874 863 3946 pro
890 3874 945 3925 me
970 3851 1134 3926 Fortuna
1158 3860 1308 3947 rogatur
1333 3875 1406 3947 eqs.
1525 3851 1529 3859 “

325 4105 486 4182 Kiaerus
501 4105 529 4205 ³)
567 4116 756 4203 postquam
790 4109 929 4184 monuit
958 4110 1047 4185 haee
1071 4110 1183 4184 verba
1207 4111 1260 4185 sio
1284 4113 1444 4186 enarrari

319 4381 345 4457 1)
365 4379 470 4440 Kiaer.
493 4381 530 4441 de
551 4383 695 4442 Sermone
715 4383 869 4443 Iuvenalis
890 4404 956 4463 pag.
979 4387 1045 4443 142.

318 4486 344 4564 ²)
365 4487 576 4566 Mnemosyne.
597 4489 687 4548 Nova
708 4489 815 4549 Series.
837 4489 906 4549 Vol.
928 4491 947 4552 Ι,
965 4510 1032 4570 pag.
1054 4491 1113 4550 405
1135 4510 1196 4569 sqq.

318 4593 382 4671 3)1.
405 4595 424 4652 l.
446 4614 515 4672 pag.
537 4596 575 4652 55
597 4615 659 4673 sqq.
