3300 5474
621 831 896 907 SATURA
942 833 1043 911 IIII.

724 1127 785 1189 VS.
808 1129 934 1188 50-56.

353 1340 436 1415 Non
457 1341 658 1416 dubitaturi
683 1341 881 1437 fugitivum
906 1341 1026 1416 dicere
1051 1342 1185 1437 pisoem

351 1482 610 1579 depastumque
635 1483 699 1558 diu
724 1484 867 1558 vivaria
892 1481 1078 1577 Caesaris,
1105 1484 1189 1558 inde

351 1627 513 1722 elapsum
533 1634 691 1700 veterem
716 1625 762 1700 ad
787 1626 971 1702 dominum
995 1626 1126 1700 debere
1151 1627 1294 1700 reverti.

350 1765 390 1843 si
415 1768 503 1865 quid
528 1767 710 1862 Palfurio,
737 1769 770 1843 si
791 1770 969 1843 oredimus
990 1767 1203 1862 Armillato,

348 1910 524 2007 quidquid
550 1912 783 2007 eonspiouum
803 1912 1066 2009 pulchrumque
1087 1921 1141 1986 est
1163 1933 1316 2006 aequore
1336 1918 1411 1986 toto

349 2077 407 2129 res
431 2055 510 2130 fisoi
534 2062 607 2148 est,
634 2056 852 2152 ubicumque
878 2064 996 2130 natat:
1024 2055 1218 2130 donabitur
1242 2076 1328 2150 ergo

349 2222 395 2274 ne
417 2206 549 2296 pereat.

291 2421 404 2497 Reote
435 2430 555 2496 monet
588 2419 861 2521 Heinriohius1)
898 2444 1031 2527 nerum
1055 2420 1313 2494 sententiarum
1336 2443 1408 2495 non

244 2565 471 2661 perspicuum
504 2587 591 2639 esse.
627 2561 668 2638 si
705 2565 800 2638 enim
836 2587 960 2640 verum
984 2563 1158 2659 estquod
1184 2588 1237 2638 vs.
1264 2565 1409 2638 54-56

241 2707 469 2804 perhibetur,
510 2729 582 2781 non
628 2729 718 2803 opus
756 2715 832 2781 erat
870 2707 1148 2801 inquisitoribus
1186 2715 1228 2779 ut
1264 2716 1410 2781 oausam

240 2850 418 2946 fingerent
455 2872 567 2944 quare
591 2849 701 2946 pisois
726 2850 869 2946 elapsus
894 2857 987 2923 esset
1012 2873 1057 2924 ex
1082 2849 1233 2923 vivariis
1258 2849 1409 2945 impera-

239 2993 338 3067 toris.
378 2989 510 3065 Omnia
543 3000 641 3066 reeta
670 2999 754 3067 sunt
788 3015 899 3088 parva
933 2993 1209 3088 transpositione
1239 2993 1337 3066 faeta
1372 3002 1409 3065 et

239 3135 343 3230 signo
374 3134 668 3230 interrogationis
700 3142 781 3231 post
817 3134 1053 3229 „Armillato”
1086 3136 1221 3231 posito:
1262 3133 1404 3231 „Quid

239 3277 270 3350 si
295 3275 475 3371 Palfurio,
506 3277 537 3350 si
559 3276 737 3352 oredimus
758 3276 951 3352 Armillato
959 3276 999 3352 ?''
1035 3278 1108 3352 Res
1134 3280 1321 3353 manifesta
1353 3290 1407 3354 est

238 3429 280 3496 ut
304 3420 453 3494 verbum
479 3443 551 3494 non
575 3421 730 3517 amplius
758 3420 899 3495 addam.

284 3549 347 3636 De
393 3562 572 3636 loeutione
620 3563 730 3657 „quid
768 3547 821 3637 si’'
864 3564 1027 3638 conferas
1065 3562 1139 3639 Sat.
1180 3562 1277 3637 VIII
1317 3567 1404 3659 183,

238 3705 276 3776 X
303 3708 367 3800 36,
395 3704 506 3800 Verg.
533 3704 624 3779 Aen.
651 3705 733 3779 ΙΠΙ
759 3709 829 3780 311
857 3714 893 3780 et
917 3705 1080 3802 Propert.
1108 3705 1144 3778 V
1172 3710 1204 3780 9.
1231 3710 1289 3781 43.

713 3983 773 4043 VS.
796 3983 924 4043 76-81.

782 4187 903 4284 Rapta
926 4191 1140 4286 properabat
1164 4190 1285 4264 abolla

333 4327 512 4423 Pegasus,
540 4330 714 4404 attonitae
739 4332 878 4426 positus
903 4330 1006 4406 modo
1033 4333 1163 4408 vilicus
1187 4334 1288 4427 urbi,

278 4621 341 4699 1)1.
364 4623 383 4680 l.
406 4642 473 4701 pag.
496 4622 563 4682 178.
