3300 5474
804 447 844 506 95

288 631 358 706 Vel
396 656 507 710 unum
547 633 759 707 vocabulum
800 631 964 726 „tardas”
1000 631 1201 706 Scboltium
1239 655 1408 706 revocare

238 775 363 849 debuit
388 775 434 849 ab
460 774 528 848 hac
550 775 734 849 levissima
759 775 982 867 coniectura,
1010 798 1092 849 nam
1105 776 1268 871 planeex
1285 777 1405 849 animo

239 917 307 992 filii
330 917 466 992 dictum
491 926 544 990 est
569 917 798 1012 impatienter
824 918 1080 1013 exspectantis.

621 1591 901 1666 SATURA
954 1593 1032 1668 XV.

719 1897 779 1957 Vs
801 1895 929 1956 65-72.

431 2101 509 2175 Nec
532 2102 628 2175 hunc
653 2101 827 2197 lapidem,
855 2102 974 2196 qualis
1000 2111 1036 2175 et
1061 2101 1214 2176 Turnus
1235 2110 1271 2175 et
1292 2100 1407 2191 Aiax,
1477 2064 1497 2151 ‘-

339 2242 395 2315 vel
419 2265 491 2338 quo
516 2242 677 2341 Tydides
703 2244 879 2339 percussit
904 2243 1061 2340 pondere
1086 2266 1212 2318 coxam

336 2383 498 2477 Aeneae,
527 2384 589 2458 sed
615 2407 721 2479 quem
748 2387 892 2459 valeant
917 2385 1079 2460 emittere
1106 2385 1256 2458 dextrae

337 2525 412 2599 illis
435 2525 630 2600 dissimiles
656 2535 692 2600 et
718 2535 838 2601 nostro
864 2536 1021 2622 tempore
1046 2535 1162 2601 natae.

337 2691 419 2741 nam
444 2691 559 2762 genus
585 2668 654 2742 hoc
681 2670 765 2743 vivo
790 2670 863 2742 iam
888 2668 1115 2743 decrescebat
1142 2669 1317 2763 Homero;

337 2816 433 2884 terra
457 2808 569 2885 m'alos
596 2812 757 2886 homines
782 2834 879 2886 nunc
906 2812 1034 2886 educat
1061 2821 1168 2907 atque
1189 2813 1350 2908 pusillos.

337 2975 423 3047 ergo
447 2953 537 3028 deus
562 2955 768 3050 quicunque
793 2954 959 3050 adspexit
984 2953 1078 3028 ridet
1103 2962 1138 3027 et
1164 2954 1249 3028 odit.

338 3119 360 3168 a
383 3096 605 3171 deverticulo
631 3103 815 3193 repetatur
839 3096 974 3170 fabula.
1000 3104 1189 3192 postquam
1214 3103 1280 3170 etc.

289 3335 408 3409 Multa
439 3336 478 3408 in
511 3335 579 3410 bac
604 3344 727 3410 satura
751 3337 889 3411 insulsa
913 3338 985 3411 sint
1010 3337 1112 3430 licet,
1139 3359 1200 3429 ea,
1226 3358 1319 3431 qnae
1344 3337 1405 3412 hic

240 3478 411 3573 leguntur
440 3477 631 3575 (imprimis
647 3477 806 3577 ott—72)
822 3480 955 3575 ineptis
967 3487 1052 3554 sunt
1064 3481 1250 3576 ineptiora.
1277 3479 1407 3569 Poeta,

241 3629 430 3715 postquam
464 3621 601 3695 monuit
636 3619 839 3718 Aegyptios
875 3622 1036 3695 rixantes
1070 3645 1153 3695 mox
1178 3623 1336 3718 incipere
1361 3623 1411 3696 la-

240 3760 342 3856 pides
368 3770 554 3857 torquere,
582 3762 635 3836 sic
660 3763 798 3858 pergit:
827 3786 915 3858 „nec
937 3763 1111 3838 eiusmodi
1136 3763 1274 3861 lapides
1286 3766 1411 3860 quales

241 3902 381 3977 Aeneas
419 3914 455 3977 et
487 3903 654 3996 Turnus,
691 3905 749 3978 vel
771 3906 872 4001 quali
897 3906 1059 4004 Tydides
1084 3908 1259 4002 percussit
1285 3929 1411 3981 coxam

241 4046 420 4121 Aeneae.'’
449 4044 488 4120 Si
502 4068 573 4119 non
587 4046 659 4119 iam
677 4047 810 4121 novisti
823 4049 948 4142 quales
962 4049 1114 4139 fuerint,
1130 4048 1215 4123 audi
1229 4058 1408 4123 nostrum:

246 4188 331 4283 „sed
350 4211 458 4284 quem
478 4188 623 4262 valeant
649 4189 810 4262 emittere
835 4188 984 4263 dextrae
1009 4189 1084 4263 illis
1097 4189 1311 4266 dissimiles’'
1329 4189 1411 4290 (hoc

242 4330 419 4424 ignorasti
443 4331 555 4404 lector
565 4329 589 4428 l)
621 4338 679 4424 „et
692 4339 814 4405 nostro
827 4339 987 4427 tempore
999 4332 1148 4406 natae!'’
1164 4330 1313 4408 Gratias
1330 4333 1410 4428 agis

243 4481 385 4569 poetae,
423 4472 488 4568 qui
521 4495 644 4546 omnes
678 4481 760 4548 tuas
792 4473 1036 4548 dubitationes
1069 4473 1202 4548 callida
1235 4483 1312 4548 arte
1344 4496 1410 4549 sua

122 4659 124 4663 .
240 4615 447 4706 sustulerit,
486 4615 715 4710 animumque
753 4615 909 4689 attendis
946 4616 993 4690 ad
1030 4616 1104 4690 alia
1136 4627 1240 4690 atrox
1277 4617 1409 4691 bellum
