3300 5474
806 431 845 489 d‘l

240 621 472 715 intellegant,
499 620 543 693 de
569 618 758 694 Corneliae
771 618 960 714 splendore
974 618 1150 691 natalium
1163 617 1299 691 dictum
1314 640 1409 707 esse,

240 764 302 838 sed
335 763 380 837 de
414 762 551 837 Niobes
583 763 790 851 fertilitate3
817 769 853 834 et
879 761 1102 834 fertilitatem
1129 768 1237 855 atquc
1264 761 1413 834 formam

241 910 373 981 bonum
412 905 504 980 illud
542 926 638 993 esse,
675 904 770 998 quod
805 926 982 977 summum
1017 926 1210 998 rarumque
1234 901 1301 1001 (vs.
1326 900 1410 1000 179)

242 1058 397 1125 vocetur.

290 1191 468 1282 Quamvis
515 1190 604 1263 haec
650 1190 898 1284 interpretatio
949 1188 1140 1263 admodum
1176 1188 1310 1263 blanda
1346 1189 1411 1280 sit,

243 1348 363 1409 tamen
399 1335 477 1408 eius
510 1333 689 1407 illecebris
715 1330 953 1404 resistendum
980 1339 1043 1404 est.
1080 1330 1166 1403 Vim
1190 1331 1284 1403 enim
1305 1331 1415 1403 infert

241 1478 351 1551 verbo
385 1475 481 1571 quod
520 1485 574 1548 est
613 1496 674 1568 ,se
711 1472 923 1569 imputaro.’'
978 1472 1075 1547 Num
1114 1472 1274 1547 Kiaerus
1311 1473 1413 1546 affert

244 1621 359 1694 ullum
393 1620 533 1708 locum,
567 1640 639 1712 quo
664 1617 732 1690 hoc
758 1617 906 1689 verbnm
934 1638 976 1688 eo
1001 1638 1108 1689 sensu
1133 1624 1345 1712 usurpetur,
1371 1625 1413 1691 ut

242 1763 338 1836 idem
363 1762 411 1835 sit
435 1760 531 1856 quod
558 1784 618 1854 ,se
644 1758 858 1834 subicerc'’?
893 1759 1063 1832 Attamen
1087 1758 1180 1833 hanc
1200 1758 1412 1832 sententiam

241 1905 276 1978 ei
314 1903 470 1978 subdere
506 1925 577 1975 non
611 1902 763 1975 dubitat.
801 1901 963 1976 Verbum
998 1900 1199 1996 imputandi
1231 1901 1413 1994 significat

243 2047 304 2141 ,in
339 2055 486 2140 accepta
524 2044 691 2129 referre'’,
730 2054 807 2118 tum
848 2043 1095 2136 „adscribere”
1134 2049 1170 2116 et
1208 2044 1245 2115 in
1282 2044 1412 2116 bonam

241 2200 377 2285 partem
412 2210 457 2251 =
496 2187 684 2281 „beneficii
709 2187 833 2260 collati
859 2188 937 2261 loco
965 2184 1129 2283 ponere”,
1157 2188 1192 2258 et
1217 2186 1255 2257 in
1281 2186 1411 2258 malam

239 2332 448 2406 :obicere
474 2329 532 2429 (cf.
561 2328 667 2404 Ovid.
696 2329 782 2403 Met.
812 2330 967 2403 11400:
995 2336 1190 2423 natumque
1210 2329 1364 2402 obiectat
1377 2338 1413 2400 ct

243 2474 398 2568 imputat
424 2469 528 2569 illis).
565 2470 669 2546 Oonf.
696 2471 848 2545 Phaedr.
877 2472 969 2545 122
996 2495 1048 2544 vs.
1071 2474 1092 2544 8
1115 2481 1150 2545 et
1174 2474 1229 2544 12.
1259 2470 1412 2545 Duobus

241 2617 390 2712 insuper
422 2616 564 2690 collatis
589 2616 694 2705 locis,
723 2638 813 2710 quos
838 2614 937 2688 dedit
961 2613 1176 2688 Forcellini:
1203 2613 1291 2687 Tac.
1316 2611 1414 2699 Hist.¹

241 2759 262 2832 I
298 2762 364 2833 38:
402 2759 491 2853 ,hoc
524 2759 639 2832 solum
674 2758 743 2832 erit
771 2766 969 2848 certarnen,
996 2757 1077 2852 quis
1104 2756 1191 2828 mihi
1217 2755 1411 2851 plurimum

241 2900 417 2998 imputet’'
453 2902 476 2975 i.
503 2925 533 2975 e.
572 2901 675 2996 ,quis
709 2902 825 2975 maius
854 2899 943 2972 mihi
977 2899 1189 2973 beneficium
1218 2898 1412 2972 contulisse

240 3069 281 3120 se
318 3045 433 3134 dicat,
472 3052 508 3117 et
542 3044 658 3138 magis
691 3066 747 3116 me
780 3044 850 3116 sibi
880 3042 1074 3116 obnoxium
1100 3065 1177 3115 esse
1202 3040 1408 3134 ostendat'’;

242 3186 337 3260 Plin.
375 3186 463 3260 Pan.
503 3189 568 3259 24:
611 3186 771 3281 „copiam
809 3186 882 3277 tui,
918 3209 989 3259 non
1024 3193 1064 3259 ut
1085 3185 1258 3279 imputes,
1284 3183 1408 3274 facis'’,

240 3330 330 3404 satis
355 3335 503 3424 apparet
528 3328 826 3422 significationem
851 3326 1091 3422 exprobrandi
1118 3328 1196 3400 voci
1221 3327 1347 3400 inesse.

294 3468 503 3545 Subiectum
538 3470 647 3544 huius
675 3471 776 3543 verbi
806 3469 942 3563 „uxor”
969 3469 1228 3565 proculdubio
1253 3491 1411 3565 essepo-

242 3621 331 3705 test,
359 3636 441 3686 nam
476 3612 513 3685 in
544 3621 620 3686 tota
641 3613 710 3687 hac
734 3614 846 3686 satira
871 3612 916 3685 de
941 3613 1131 3686 mulierum
1157 3612 1274 3703 vitiis,
1303 3611 1410 3685 etiam

244 3755 347 3830 nulla
364 3755 495 3828 mutati
516 3756 669 3830 subiecti
683 3755 948 3849 significatione
961 3728 1074 3844 facta,
1102 3777 1195 3827 uxor
1208 3754 1266 3827 vel
1279 3755 1412 3828 femina

243 3897 285 3971 fit
303 3897 522 3980 subiectum.

291 4040 387 4114 Tum
421 4041 519 4115 notio
553 4040 754 4114 nobilitatis
787 4062 897 4134 quae,
933 4049 974 4113 ut
995 4062 1040 4113 ex
1066 4041 1144 4114 loco
1171 4037 1297 4113 Ovidii
1323 4038 1408 4112 Met.

243 4182 300 4256 VI
336 4185 406 4256 170
440 4206 515 4278 sqq.
551 4191 667 4278 patet,
703 4182 844 4256 Niobae
873 4182 1037 4278 inprimis
1062 4183 1132 4256 fuit
1157 4182 1346 4278 perniciei,
1375 4191 1410 4256 et

243 4324 346 4399 cuius
371 4323 517 4398 stimulo
545 4325 653 4398 etiam
680 4323 849 4399 Cornelia
874 4347 1024 4420 magnos
1047 4324 1118 4397 sibi
1131 4324 1280 4420 spiritus
1293 4347 1410 4421 sump

243 4475 355 4560 serat,
383 4467 489 4540 valde
514 4467 728 4562 requiritur,
762 4489 855 4561 quae
880 4467 979 4540 notio
1005 4467 1138 4562 optime
1163 4489 1332 4564 expressa
1356 4473 1410 4539 est

245 4611 353 4683 verbo
373 4609 469 4704 qnod
489 4621 543 4682 est
567 4608 784 4703 „gravitas’',
801 4609 935 4705 quippe
947 4632 1018 4703 quo
1032 4609 1140 4682 etiarn
1154 4633 1197 4682 ea
1209 4609 1410 4682 nobilitatis
