3300 5474
802 428 842 486 30

239 626 357 692 tenum
389 614 564 711 gauderet
597 615 723 689 liberis
756 616 839 688 tuis.
871 613 921 687 Et
947 636 1065 688 nonne
1088 621 1195 710 poeta
1218 622 1296 688 tum
1320 615 1406 688 seri·

239 760 323 833 bere
344 758 486 833 debuit:
508 757 572 832 sed
591 760 714 831 ammei
735 766 800 831 tua
822 779 918 831 nune
936 756 1103 855 Mygnle,
1129 757 1188 831 vel
1208 756 1409 852 taleqnid‘?

288 900 400 974 Porro
437 922 544 975 versu
583 904 651 974 141
689 900 789 974 notio
828 899 992 996 pariendi
1017 899 1215 989 sufficeret,
1249 898 1409 992 quidde

239 1043 448 1138 tergeminis
472 1041 547 1116 illis
573 1043 696 1138 pueris
719 1042 822 1116 fieret
848 1042 1014 1116 nescires.

288 1184 415 1259 Restat
447 1185 562 1280 igitur
586 1194 627 1259 ut
652 1185 903 1280 confugiamus
927 1184 974 1258 ad
998 1185 1142 1258 tertiam
1168 1183 1408 1279 interpretati-

240 1349 342 1400 onem
375 1349 514 1418 eorum,
549 1326 613 1421 qui
646 1336 791 1400 monent
818 1326 990 1425 Mygalen
1021 1349 1099 1400 esse
1128 1349 1257 1400 nomen
1281 1347 1408 1400 ooneu·

241 1472 347 1545 binae
383 1471 442 1544 vel
481 1470 680 1545 libertinae.
721 1469 802 1544 Hoe
840 1493 986 1561 nomen,
1021 1472 1126 1545 euius
1164 1473 1203 1543 in
1228 1469 1409 1566 prioribus

240 1611 431 1688 enarrandi
468 1612 583 1687 modis
615 1613 719 1687 nulla
751 1614 844 1687 ratio
877 1613 1003 1687 habita
1039 1622 1112 1704 est,
1147 1611 1184 1686 id
1223 1613 1296 1686 iam
1320 1612 1410 1685 satis

239 1779 418 1854 superque
464 1754 617 1849 indieat;
664 1765 719 1830 est
768 1757 863 1830 enim
910 1780 1038 1830 nomen
1085 1755 1285 1847 Graecum,
1336 1778 1408 1828 non

240 1907 426 1974 matronae
471 1898 674 1988 Romanae,
723 1921 849 1972 nomen
888 1899 1115 1973 meretricum
1153 1907 1189 1971 et
1227 1899 1409 1994 pellicum.

242 2040 299 2118 Os.
326 2040 402 2117 Sat
428 2040 467 2115 X
493 2043 576 2116 238.

289 2185 370 2260 Hoc
403 2208 490 2280 ergo
524 2187 603 2259 vult
637 2194 760 2281 poeta:
796 2184 828 2258 si
853 2184 955 2258 dives
980 2183 1063 2272 fies,
1094 2183 1202 2258 Virro
1227 2193 1263 2258 te
1287 2184 1409 2258 adula-

241 2331 358 2422 bitur,
407 2329 542 2402 honore
580 2336 616 2402 et
653 2329 755 2403 cultu
793 2338 828 2402 te
865 2337 1110 2424 prosequetur.
1160 2326 1275 2419 Qum,
1314 2326 1410 2422 quod

241 2495 379 2548 summo
425 2481 461 2545 te
508 2472 696 2566 obsequio,
741 2493 950 2566 summaque
987 2470 1189 2544 reverentia
1224 2479 1261 2542 te
1297 2471 1408 2560 oolet,

240 2615 336 2712 quod
370 2614 537 2689 dominus
571 2615 649 2688 eius
681 2614 760 2687 fieri
794 2615 947 2709 poteris,
983 2612 1086 2687 modo
1120 2612 1244 2686 nullus
1269 2613 1337 2686 tibi
1362 2612 1411 2685 sit

239 2758 338 2833 filius
375 2758 556 2854 genuinus
590 2758 683 2832 iusto
717 2756 944 2830 matrimonio
974 2754 1145 2851 genitus?
1177 2755 1261 2828 Tua
1284 2776 1410 2828 ooneu-

241 2902 327 2976 bina
361 2924 446 2975 vero
482 2899 662 3002 (attendas
696 2901 805 2974 velim
829 2900 876 2974 ad
902 2900 1059 2996 positum
1085 2900 1186 2973 verbi
1215 2898 1407 2996 ,Mygale''

239 3046 278 3119 in
312 3045 385 3118 arsi
419 3043 518 3117 tertii
544 3042 662 3139 pedis,
700 3042 794 3116 uude
820 3042 974 3116 effioitur
999 3051 1040 3116 ut
1065 3042 1226 3136 graviter
1252 3036 1410 3136 premen-

240 3187 325 3263 dum
358 3188 424 3280 sit,
462 3209 527 3260 neo
561 3209 632 3259 non
658 3184 940 3276 eoncedendum,
969 3206 1090 3258 vobem
1116 3183 1412 3281 praeoedentibus

239 3354 316 3407 esse
349 3328 563 3427 oppositam)
600 3329 638 3402 in
674 3328 742 3402 hoa
774 3350 896 3402 rerum
931 3335 1049 3421 statu,
1086 3351 1166 3402 eum
1200 3328 1277 3423 ipse
1310 3326 1411 3400 dives

240 3475 291 3551 sis
328 3497 419 3549 uxor
457 3479 577 3547 autem
614 3472 662 3547 sit
695 3472 848 3561 sterilis,
886 3471 1004 3567 pariat
1046 3470 1149 3562 lieet,
1185 3471 1274 3565 quin
1303 3469 1411 3543 etiam

241 3627 314 3693 tres
339 3617 471 3691 liberos
496 3638 568 3690 uno
594 3624 703 3712 partu
727 3614 828 3707 edat,
855 3613 893 3687 id
919 3631 990 3688 non·
1015 3611 1170 3704 dolebit,
1197 3613 1269 3685 imo
1293 3618 1411 3685 teeum

240 3758 431 3855 gaudebit,
464 3758 617 3833 infantes
654 3755 807 3830 fovendo
846 3762 882 3829 et
917 3755 1082 3829 donando
1116 3762 1218 3829 tuum
1253 3755 1411 3827 favorem

241 3901 597 3996 borravolentiamque
622 3899 799 3996 captabit,
829 3899 931 3972 nulla
952 3898 1121 3971 nimirum
1138 3898 1212 3972 alia
1225 3897 1269 3971 de
1283 3919 1408 3989 eausa,
1547 3998 1552 4007 ¹

240 4065 347 4141 quarn
374 4040 633 4141 utaliquando
659 4042 762 4117 heres
784 4040 848 4114 fiat
874 4049 1019 4115 tuorum
1046 4041 1229 4115 bonorum.

295 4184 556 4262 posterioribus
583 4185 747 4260 versibus
771 4185 962 4257 141-145
984 4182 1160 4279 imprimis
1180 4191 1286 4279 poeta
1297 4190 1411 4256 osten-

241 4328 295 4405 dit
324 4326 510 4405 Virronem
537 4335 684 4405 exutum
712 4334 748 4401 et
773 4327 937 4432 orbatum
962 4348 1040 4400 esse
1064 4325 1161 4399 omni
1188 4325 1412 4399 humanitate

244 4470 413 4569 nulloque
458 4470 568 4547 enimi
612 4477 711 4547 motu
748 4469 924 4544 nobiliore
961 4468 1081 4563 tangi,
1122 4467 1185 4542 sed
1223 4467 1411 4564 peeuniam

242 4620 402 4711 spectaro
445 4612 496 4689 nil
529 4610 647 4706 aliud,
687 4613 820 4711 quippe
865 4611 928 4708 qui
970 4609 1229 4708 puleherrimos
1262 4620 1412 4685 naturae
