3300 5474
803 446 846 504 67

623 836 910 915 SATURA
947 838 1036 912 VII.

697 1109 764 1169 Vs,
788 1111 958 1169 141-148.

347 1349 509 1447 Respicit
535 1349 624 1425 haec
649 1351 803 1446 primum
828 1350 893 1444 qui
918 1348 1057 1445 litigat,
1083 1373 1130 1424 an
1155 1350 1222 1424 tibi
1248 1349 1343 1424 servi
1397 1318 1401 1323 ⁴

340 1502 439 1585 octo,
468 1492 592 1567 decem
619 1493 785 1583 comites,
812 1515 859 1565 an
884 1499 1024 1588 postte
1049 1493 1156 1584 sella,
1183 1492 1298 1587 togati

335 1644 420 1710 ante
445 1635 563 1732 pedes.

287 1921 394 1995 Idem
429 1917 693 2017 Weidnerus1)
731 1907 915 1993 contendit
951 1919 1141 2013 „comites”
1177 1941 1254 1992 esse
1278 1919 1416 2015 praedi·
1500 1922 1502 1926 ’

243 2072 363 2138 catum
397 2063 517 2154 verbi,
556 2062 652 2157 quod
686 2070 740 2134 est
778 2061 930 2155 „servi'',
966 2070 1008 2135 ut
1033 2062 1122 2136 haec
1146 2062 1193 2135 sit
1218 2063 1414 2136 sententia:

241 2206 413 2302 „respicit
442 2213 565 2280 utrum
603 2205 670 2277 tibi
701 2214 781 2277 octo
807 2227 852 2277 an
878 2203 999 2278 decem
1025 2205 1121 2278 servi
1145 2206 1218 2278 sint
1243 2204 1412 2280 comites”

239 2351 328 2424 mire
353 2373 496 2439 errans,
523 2372 606 2423 narn
631 2347 771 2444 positus
797 2348 1005 2437 verborum,
1033 2369 1127 2441 quae
1140 2370 1203 2442 per
1216 2347 1414 2422 chiasmum

239 2493 335 2567 elata
359 2499 444 2566 sunt
468 2490 592 2565 eodem
620 2490 724 2563 modo
737 2512 809 2585 quo
823 2489 1028 2584 sequentia,
1051 2490 1140 2563 satis
1153 2489 1256 2564 docet
1270 2513 1414 2565 sensum

240 2658 336 2709 esse:
363 2658 410 2708 an
439 2634 507 2708 tibi
532 2607 605 2708 sint
631 2642 711 2707 octo
729 2632 843 2723 servi,
859 2631 980 2705 decem
998 2632 1145 2705 comites
1158 2633 1182 2706 i.
1197 2655 1227 2706 e.
1243 2633 1415 2727 „clientes

241 2777 390 2874 togati'’;
419 2801 466 2850 an
493 2777 584 2851 sella
610 2784 690 2872 post
716 2784 769 2867 te,
797 2776 914 2870 togati
932 2782 1064 2848 antete
1077 2775 1160 2848 sint.
1188 2773 1413 2866 Quantulum

246 2942 353 3017 porro
378 2920 551 2994 intererat
578 2927 699 2993 utrum
716 2914 858 3010 vdecem
872 2925 991 2992 essent
1016 2917 1163 2991 comites
1187 2941 1233 2990 an
1260 2917 1365 2992 octo?

698 3248 763 3309 VS.
791 3246 958 3309 175-177.

1025 3435 1197 3532 Tempta,

349 3578 608 3678 Chrysogonus
638 3579 767 3672 quanti
792 3577 917 3652 doceat
942 3561 999 3652 vel
1025 3577 1129 3652 Polio
1154 3579 1283 3672 quanti

346 3724 529 3797 lautorum
555 3745 702 3818 pueros:
731 3730 844 3795 artem
869 3721 1035 3795 scindens
1059 3722 1251 3796 Theodori.

291 3961 491 4037 Verissima
525 3963 614 4036 mihi
649 3963 793 4036 videtur
826 3961 1027 4035 emendatio
1061 3961 1183 4035 Iahnii
1208 3986 1273 4058 pro
1300 3963 1413 4058 „scin-

241 4104 351 4179 dens”
386 4105 578 4179 scribentis
613 4103 810 4199 „scindes'',
838 4104 935 4199 quod
967 4105 1113 4200 egregie
1138 4106 1306 4179 convenit
1331 4129 1412 4179 cum

241 4254 368 4342 poetae
400 4248 572 4344 loquendi
601 4271 670 4322 usu
695 4248 908 4343 imperativo
933 4247 1156 4356 adnectentis
1180 4249 1258 4322 sine
1284 4249 1413 4343 copula

240 4391 404 4464 futurum
431 4399 571 4488 tempus
596 4390 796 4465 indicativi.
825 4388 1000 4464 Conferre
1024 4389 1099 4466 Sat.
1126 4390 1146 4463 I
1174 4393 1263 4464 155:
1292 4390 1414 4487 „Pone

282 4683 388 4762 1)1.1.
411 4701 479 4763 pag.
502 4685 572 4743 180.
