3300 5474
805 442 845 500 63

697 753 757 813 VS.
780 755 949 814 dos-409.

627 977 777 1052 Famam
802 1000 1033 1072 rumoresque
1057 977 1123 1051 illa
1148 978 1303 1051 recentis

423 1121 557 1217 excipit
581 1121 626 1194 ad
653 1129 791 1217 portas,
819 1121 992 1215 quosdam
1020 1121 1107 1195 facit
1133 1142 1206 1214 eqs.

288 1407 411 1482 Verba
430 1414 624 1502 quaesunt
651 1405 845 1501 „quosdam
871 1403 980 1479 facit'’
999 1406 1051 1478 ita
1065 1404 1160 1479 nude
1172 1405 1289 1501 posita
1301 1414 1406 1495 sunt,

239 1558 280 1625 ut
292 1559 413 1646 putem
426 1557 510 1623 ante
525 1547 656 1644 „facit”
670 1548 846 1623 excidisse
859 1548 1072 1643 particulam
1085 1561 1124 1621 et.
1147 1546 1298 1621 Accedit
1312 1547 1407 1642 quod

239 1695 277 1767 in
302 1716 388 1768 voce
416 1691 546 1788 „facit”
574 1692 689 1766 omnis
710 1691 909 1765 sententiae
929 1691 986 1764 vis
1007 1691 1124 1786 posita
1141 1697 1205 1763 est.
1234 1687 1409 1763 Conferas

240 1833 314 1910 Sat.
348 1835 387 1908 X
413 1859 464 1909 vs.
491 1838 581 1909 317:
623 1841 749 1928 ‚,uecat
782 1832 843 1906 hic
875 1834 988 1922 ferro,
1026 1841 1124 1906 secat
1159 1832 1221 1905 ille
1247 1832 1407 1906 cruentis

240 1979 466 2071 verberibus,
493 1977 666 2072 quosdam
695 1974 888 2075 (moechos)
915 1989 945 2048 et
970 1975 1118 2070 mugilis
1143 1975 1291 2049 intrat.’'

287 2119 473 2194 Particula
514 2133 543 2192 et
576 2120 614 2191 in
648 2117 781 2192 Codice
814 2117 1013 2191 Pithoeano
1047 2118 1155 2191 etiam
1189 2117 1320 2191 omissa
1354 2126 1408 2191 est

240 2261 314 2337 Sat.
341 2262 397 2337 VI
422 2265 506 2337 237.

697 2519 758 2580 Vs
779 2516 948 2578 lot-468.

336 2769 401 2843 Nil
424 2793 496 2843 non
520 2768 695 2865 permittit
720 2767 850 2841 mulier
874 2767 962 2860 sibi,
990 2775 1095 2864 turpe
1119 2775 1223 2865 putat
1249 2767 1327 2859 nil,
1437 2832 1440 2836 Α

335 2934 417 2986 curu
443 2911 577 2985 virides
600 2932 760 3005 gemmas
784 2910 878 2984 collo
905 2909 1139 2983 circumdedit
1165 2919 1307 2984 etcum

335 3055 485 3129 auribus
509 3054 666 3127 extentis
692 3075 841 3148 magnos
866 3052 1043 3126 commisit
1065 3053 1241 3126 elenchos.

238 3199 310 3270 460
337 3197 603 3271 intolerabilius
629 3196 721 3269 nihil
747 3204 802 3269 est
826 3218 934 3291 quarn
959 3197 1093 3269 femina
1118 3195 1230 3269 dives.

335 3340 474 3413 interea
497 3339 602 3413 foeda
627 3345 774 3435 aspectu
800 3337 1020 3432 ridendaque
1045 3339 1159 3412 multo

336 3504 428 3578 pane
453 3489 566 3555 tumet
591 3482 701 3556 facies
727 3489 790 3556 aut
815 3481 967 3579 pinguia
987 3479 1204 3577 Poppaeana

208 3636 210 3643 ’
336 3624 467 3722 spirat,
495 3631 530 3697 et
555 3623 640 3697 hinc
664 3624 785 3697 miseri
811 3624 995 3697 viscantur
1020 3623 1124 3696 labra
1149 3623 1286 3697 mariti:

238 3771 310 3840 464
336 3767 382 3840 ad
406 3767 592 3840 moechum
617 3767 693 3840 lota
719 3767 869 3840 veniunt
895 3772 987 3839 cute.
1013 3765 1156 3860 quando
1182 3765 1298 3839 videri

337 3910 416 3982 vult
441 3909 622 3982 formonsa
647 3907 768 3981 domi?
795 3907 952 3981 moechis
977 3908 1104 3980 foliata
1128 3914 1319 4002 parantur,

336 4050 393 4123 his
417 4050 565 4142 emitur,
593 4049 769 4144 quidquid
794 4050 948 4145 graciles
975 4048 1046 4122 huc
1071 4049 1215 4122 mittitis
1239 4047 1332 4122 Indi.

335 4192 479 4266 tandem
504 4194 619 4290 aperit
646 4193 787 4266 vultum
813 4201 848 4265 et
874 4192 1024 4265 tectoria
1048 4191 1164 4287 prima
1190 4192 1347 4286 reponit,

285 4320 287 4325 ¹
334 4337 463 4432 incipit
488 4337 635 4432 agnosci
661 4358 734 4431 eqs.

232 4713 235 4718 ¹
288 4620 425 4695 Versus
458 4624 651 4694 464-466
679 4619 898 4715 transposuit
924 4617 1132 4713 Madvigius
1157 4626 1192 4690 et
1217 4617 1407 4690 collocavit
