3300 5474
801 438 840 497 36

238 626 424 702 homines?
463 627 671 723 praesertim
714 649 795 700 cum
837 625 908 697 iam
946 633 1028 698 ante
1065 638 1092 695 ἐν
1126 636 1260 721 παρέργῳ
1297 645 1402 698 suurn

238 793 366 845 aevum
392 778 464 843 tarn
490 771 618 844 acerbe
642 766 914 866 perstrinxerit?
941 767 1033 841 Nam
1059 789 1153 861 quae
1174 767 1328 860 legimus
1350 789 1401 839 vs.
1485 761 1489 771 “

240 917 276 986 t:
306 912 425 1007 „haud
451 913 579 986 similis
605 912 690 1005 tibi,
719 910 898 1010 Cynthia,
926 933 991 984 uec
1012 910 1099 1000 tibi,
1127 909 1230 984 cuius
1242 908 1404 982 turbavit

237 1054 371 1129 nitidos
408 1055 607 1129 exstinctus
644 1078 766 1150 passer
799 1053 968 1144 ocellus’',
1004 1052 1093 1148 quid
1131 1051 1189 1124 his
1214 1048 1403 1125 acerbius?

238 1197 326 1293 quid
353 1195 565 1271 decentius?

715 1435 774 1495 VS.
799 1436 925 1494 50-51.

349 1641 491 1715 Paucae
516 1640 604 1715 adec
629 1638 772 1714 Oereris
798 1640 908 1714 vittas
932 1640 1140 1734 contingere
1166 1640 1316 1735 dignae,

348 1806 501 1878 quarum
529 1807 599 1856 non
625 1783 748 1857 timeat
773 1792 876 1880 pater
901 1783 1033 1856 oscula.

289 2015 340 2089 Hi
375 2038 500 2090 versus
531 2039 594 2112 per
619 2014 817 2112 asyndeton
843 2013 1048 2110 explicandi
1073 2020 1176 2086 sunt:
1204 2013 1293 2087 adeo
1319 2037 1404 2110 pau·

240 2182 302 2233 cae
339 2158 471 2253 dignae
504 2165 588 2232 sunt
622 2153 765 2231 Cereris
799 2155 909 2230 vittas
942 2156 1149 2250 contingere
1184 2164 1219 2230 et
1255 2154 1405 2254 (paucae

239 2297 337 2397 sunt)
365 2323 518 2407 quarum
544 2323 615 2374 nou
637 2301 760 2374 timeat
772 2309 875 2395 pater
888 2300 1020 2374 cscula.
1049 2298 1116 2374 Est
1130 2301 1243 2375 multo
1256 2301 1405 2395 gravius

239 2466 347 2538 quarn
382 2442 492 2517 illud:
531 2464 687 2538 ,paucae
720 2443 773 2515 ita
796 2441 929 2535 dignae
954 2450 1040 2516 ¹sunt
1062 2443 1172 2516 vittas
1198 2443 1406 2537 contingere

239 2593 280 2660 ut
318 2594 420 2682 pater
461 2609 532 2659 uun
570 2586 694 2659 timeat
740 2583 914 2677 uscula'’,'
936 2585 1030 2659 sicut
1062 2586 1288 2681 interpretati
1321 2593 1406 2660 sunt

241 2727 299 2804 W.
327 2727 370 2801 Ε.
398 2727 575 2803 Weberus
611 2737 647 2801 et
683 2727 892 2803 Teuffelius.
927 2729 1080 2825 Insuper
1115 2752 1185 2802 non
1219 2730 1406 2824 quaeritur

240 2892 325 2944 num
363 2870 446 2967 plus
483 2871 646 2943 minusve
683 2868 816 2965 dignae
853 2872 944 2964 sint,
984 2869 1046 2945 sed
1071 2873 1259 2966 quaeritur
1284 2881 1405 2947 utrum

239 3011 371 3107 dignae
395 3013 468 3086 sint
492 3035 540 3086 an
564 3034 635 3085 ncn
661 3013 744 3086 sint.

673 3321 675 3325 ⁷
716 3288 777 3349 Vs.
799 3289 925 3347 56-58.

623 3502 736 3576 Vivat
763 3502 912 3595 Gabiis,
940 3511 981 3578 ut
1007 3505 1101 3578 vixit
1128 3505 1166 3578 in
1191 3529 1297 3600 agro,

346 3644 447 3717 vivat
471 3643 638 3737 Fidenis,
667 3652 703 3719 et
729 3647 847 3741 agello
873 3645 959 3720 cedo
985 3656 1142 3743 paterno.

346 3786 429 3881 quis
453 3793 573 3860 tamen
595 3787 766 3879 affirmat,
794 3788 846 3862 nil
872 3797 992 3863 actum
1017 3789 1057 3862 in
1082 3790 1264 3865 montibus
1289 3800 1356 3866 etc.

290 4007 373 4081 Non
395 4007 564 4082 audiendi
585 4016 670 4083 sunt
691 4009 733 4103 ii,
757 4010 836 4104 qui,
860 4018 901 4085 ut
915 4009 1179 4111 Weidnerns1),
1195 4014 1284 4088 baec
1297 4016 1407 4089 verba

240 4150 293 4226 sic
317 4158 480 4225 vertunt:
511 4151 564 4245 ,si
591 4150 715 4225 eadem
740 4153 806 4226 illa
832 4174 947 4248 aeque
968 4163 1103 4229 castam
1127 4163 1162 4229 et
1182 4157 1406 4232 innocentem

240 4316 279 4367 se
315 4295 462 4390 praebet
499 4295 557 4367 vel
595 4292 725 4370 Gabiis
763 4297 822 4369 vel
861 4293 1029 4391 Fidenis,
1066 4298 1183 4374 libens
1215 4323 1282 4395 ego
1320 4299 1406 4376 cedo

284 4598 389 4700 ι)1.”1.
411 4643 480 4703 pag.
503 4626 570 4688 120.
