3300 5474
802 440 842 497 23

239 627 501 723 praecedentis:
544 627 782 721 ingenuorum
823 625 921 700 filius
955 625 1040 700 colit
1076 648 1219 699 servum
1256 625 1407 700 divitem

240 771 341 844 nulla
372 769 445 842 alia
480 768 610 843 ductus
647 792 756 843 causa
793 768 864 842 nisi
896 767 992 862 quod
1028 768 1091 841 ille
1125 769 1313 865 praedives
1340 777 1404 843 est.

241 910 321 985 Hoc
345 912 397 984 ita
420 934 497 985 esse
521 934 624 984 nemo
650 933 721 985 non
745 910 853 984 videt.
882 907 1009 983 Omnis
1030 910 1125 984 enim
1146 911 1405 986 sententiarum

239 1054 466 1127 cohaerentia
499 1054 543 1127 de
573 1054 862 1127 adulescentibus
894 1053 1055 1149 prodigis
1080 1060 1116 1126 et
1141 1052 1325 1127 dissolutis
1352 1077 1407 1128 co

192 1239 195 1244 -
239 1197 356 1290 gitare
392 1218 457 1270 nos
482 1205 590 1269 vetat.
625 1194 739 1270 Poeta
763 1196 928 1292 exempla
953 1196 1087 1291 profert
1113 1196 1246 1293 quibus
1272 1196 1406 1293 perspi-

240 1360 347 1412 cuum
380 1337 505 1411 reddat
539 1338 677 1412 nobiles
714 1338 961 1432 ingenuosque
1000 1361 1113 1433 aeque
1150 1361 1193 1412 ac
1231 1339 1427 1434 pauperes

239 1481 458 1576 clientesque
492 1481 606 1555 officia
631 1489 812 1576 praestare
836 1480 1012 1557 divitibus
1037 1489 1072 1554 et
1098 1480 1224 1555 beatis.

696 1766 755 1827 VS.
780 1768 948 1826 les-201.

634 1972 799 2046 tabulata
822 1972 891 2046 tibi
911 1972 984 2046 iam
1008 1972 1116 2046 tertia
1140 1973 1300 2047 fumant:

338 2122 378 2188 tu
402 2114 535 2207 nescis;
563 2137 645 2187 nam
669 2114 701 2188 si
724 2113 899 2209 gradibus
924 2114 1123 2211 trepidatur
1147 2116 1194 2189 ab
1223 2115 1322 2208 imis,
1418 2120 1421 2131 ⁴

337 2256 487 2331 ultimus
510 2256 651 2330 ardebit
675 2279 783 2351 quem
808 2258 933 2353 tegula
956 2259 1034 2331 sola
1059 2266 1182 2333 tuetur
1207 2265 1273 2332 etc.

290 2477 472 2553 Scholtius
484 2477 510 2576 1)
551 2502 602 2553 vs.
649 2482 721 2554 200
759 2479 864 2554 eiecit
899 2487 1062 2555 statuens
1091 2481 1406 2556 ratiocinationem
1502 2551 1504 2553 ,

242 2645 318 2697 esse
338 2622 525 2718 frigidam,
547 2622 761 2718 particulam
781 2631 946 2717 quaeest
967 2622 1091 2718 „nam”
1113 2625 1252 2698 nullam
1276 2624 1405 2698 afferre

242 2788 386 2840 causam
420 2773 456 2839 et
480 2765 693 2839 sententiam
719 2763 996 2839 conditionalem
1020 2788 1091 2839 non
1117 2767 1316 2841 convenire.
1357 2765 1408 2840 At

242 2907 325 2981 vide
369 2930 478 3002 quam
514 2909 639 2982 efficax
677 2908 725 2981 sit
761 2908 827 2981 illa
863 2907 1095 3004 apostrophe:
1146 2916 1209 3004 „tu
1247 2907 1406 2982 nescis!''

243 3049 361 3141 Quam
385 3052 515 3125 acerba
538 3051 604 3125 illa
626 3018 804 3125 sententia
824 3050 996 3124 causalis!
1025 3050 1143 3141 Quam
1163 3051 1210 3126 ad
1232 3060 1404 3126 terrorem

242 3195 367 3268 lectori
405 3192 651 3268 incutiendum
688 3193 790 3289 apta!
832 3191 912 3267 Hoc
949 3193 1044 3266 enim
1082 3194 1162 3267 vult
1200 3201 1325 3290 poeta:
1365 3202 1406 3269 tu

242 3336 376 3428 nescis,
415 3324 500 3409 1111111γ
535 3335 567 3409 si
604 3335 778 3430 gradibus
812 3334 1016 3433 trepidatur
1048 3336 1094 3409 ab
1130 3336 1212 3409 imis
1246 3336 1269 3409 i.
1305 3358 1334 3409 e.
1376 3336 1409 3410 si

242 3480 335 3553 imae
367 3478 510 3553 aedium
541 3486 661 3574 partes
693 3478 846 3552 flammis
881 3479 1145 3575 corripiuntur,
1182 3488 1223 3553 tu
1258 3477 1408 3553 ultimus

244 3621 402 3715 ardebis3
437 3645 480 3695 ac
504 3621 536 3694 si
560 3620 728 3695 dixisset:
755 3622 955 3714 tumescis,
982 3645 1066 3694 nam
1094 3619 1299 3695 incendium
1322 3643 1408 3694 non-

243 3762 328 3839 dum
369 3772 408 3837 at
449 3771 485 3837 te
532 3764 711 3860 pervenit,
761 3771 798 3837 te
843 3762 1002 3838 nondum
1035 3786 1055 3837 e
1093 3785 1216 3837 somno
1249 3762 1408 3836 excitare
1553 3820 1554 3823 ¹

244 3907 360 4003 potuit
385 3950 431 3960 -
456 3929 573 4000 neque
598 3905 758 3981 homines
783 3913 818 3979 te
845 3905 982 3981 curant.

749 4191 810 4253 VS.
833 4193 900 4251 218.

381 4387 706 4462 Phaecasianorum
729 4395 853 4462 vetera
877 4394 1084 4496 ornamenta
1109 4385 1267 4461 deorum.

287 4638 350 4717 ι)1.
373 4639 392 4697 l.
416 4657 483 4716 pag.
506 4637 552 4697 27.
