3300 5474
772 437 839 497 >13

240 629 421 703 ablativus
455 628 508 700 ita
533 627 678 700 additus
702 626 924 699 inveniretur
948 626 1074 699 afferre
1098 648 1171 700 non
1195 626 1321 722 potuit.
1361 623 1401 699 Si

243 769 430 865 „attritus”
458 780 550 844 esset
573 769 839 845 substantivum
861 777 965 864 poeta
989 769 1190 864 scripsisset
1218 768 1398 863 „galeae”

288 913 332 987 In
368 936 453 987 voce
486 913 618 1004 otiosa,
653 934 746 1006 qnae
779 921 832 985 est
868 911 1017 1005 „sicut'',
1047 910 1106 1010 (cf.
1133 911 1213 985 XII
1237 915 1284 986 43
1310 911 1398 1011 eqs.)
1492 974 1495 980 .

240 1056 327 1130 latet
362 1056 627 1129 substantivum
652 1054 706 1127 aad
739 1054 834 1149 quod
872 1052 1079 1128 referendus
1115 1063 1169 1128 est
1196 1055 1399 1148 „attritus''‚

238 1199 315 1272 sive
349 1207 403 1272 est
439 1196 618 1291 „vultus''‚
653 1195 761 1292 quod,
782 1196 933 1270 coniecit
968 1193 1149 1271 Scholtins
1195 1197 1272 1271 sive
1313 1199 1400 1292 „cir-

240 1340 322 1416 rus”
358 1349 399 1416 ut
434 1342 512 1414 vult
533 1338 773 1413 ‘Ribbeckius

717 1687 778 1748 VS.
799 1686 925 1747 69-78.

313 1928 481 2004 Occurrit
515 1936 677 2002 matrona
711 1937 854 2024 potens,
887 1950 981 2023 quae
1014 1929 1121 2002 molle
1146 1925 1321 2002 Calenum

313 2082 521 2168 porrectura
546 2072 624 2145 viro
650 2071 774 2146 miscet
797 2071 942 2145 sitiente
966 2072 1148 2163 rubetam,

313 2215 542 2310 instituitque
567 2214 675 2289 rudes
700 2213 825 2288 melior
858 2213 1017 2289 Locusta
1050 2215 1269 2311 propinguas

312 2381 375 2453 per
407 2358 539 2431 famam
563 2364 599 2430 et
624 2325 796 2453 populum
820 2357 944 2450 nigros
978 2357 1103 2430 efferre
1135 2356 1291 2430 maritos.

313 2499 419 2575 Ande
441 2499 580 2594 aliquid
605 2499 776 2573 brevibus
801 2498 937 2598 Gyaris
962 2508 997 2572 et
1023 2522 1164 2574 carcere
1184 2499 1352 2593 dignum,

312 2645 342 2717 si
380 2644 435 2717 vis
461 2665 538 2716 esse
559 2641 715 2738 aliquid;
744 2643 903 2738 probitas
928 2641 1098 2716 laudatur
1122 2650 1158 2715 et
1183 2643 1299 2736 alget,

312 2786 523 2860 criminibus
560 2783 691 2857 debent
727 2783 849 2861 hortos
886 2785 1066 2879 praetoria
1101 2807 1241 2859 mensas
1321 2862 1323 2866 ,

314 2936 502 3023 argentum
528 2935 632 3001 vetus
657 2934 692 3000 et
718 2934 870 3000 stantem
891 2934 995 3001 extra
1020 2928 1148 3023 pocula
1172 2951 1328 3024 caprum.

314 3093 420 3164 quem
445 3070 583 3166 patitur
616 3069 770 3142 dormire
803 3092 916 3144 nurus
949 3077 1136 3165 corruptor
1167 3094 1315 3159 avarae,

314 3235 420 3308 quem
445 3234 595 3308 sponsae
619 3186 743 3307 turpes
767 3219 803 3285 et
829 3219 1075 3307 praetextatus
1099 3212 1266 3286 adulter?

272 3477 416 3580 ¹Laudo
453 3444 695 3552 Ribbeckium
708 3476 733 3575 ¹)
783 3501 833 3552 vs.
870 3479 1012 3552 73-76
1045 3486 1334 3575 transponentem
1368 3487 1403 3552 et

241 3621 474 3695 collocantem
499 3628 579 3716 post
605 3643 656 3694 vs.
686 3623 742 3693 78.

289 3763 438 3837 Praeter
473 3785 617 3855 causas,
657 3786 747 3858 quas
785 3765 841 3836 vir
870 3764 1122 3860 sagacissimus
1155 3765 1232 3860 ipse
1266 3764 1404 3838 adhoc

239 3905 464 4001 probandum
499 3905 642 3996 attulit,
678 3905 792 3980 habeo
825 3929 918 4000 qnae
951 3929 1007 3980 me
1030 3907 1217 4002 impellant
1243 3914 1283 3982 ut
1307 3906 1403 4003 pedi-

239 4049 307 4122 bus
333 4070 412 4120 eam
437 4048 475 4120 in
501 4047 580 4122 eius
603 4048 826 4122 sententiam.

290 4189 390 4286 Dum
435 4197 541 4286 poeta
578 4213 629 4263 vs.
671 4192 815 4264 22-80
852 4191 1016 4286 exponit,
1063 4191 1195 4286 quibus
1228 4191 1404 4267 adductus

242 4332 360 4407 causis
385 4331 431 4405 ad
456 4338 616 4406 saturam
641 4331 866 4407 scribendam
890 4332 1129 4426 descenderit,
1158 4328 1313 4433 semper,
1339 4335 1403 4410 ubi

239 4529 397 4540 ..ι-...-

282 4623 306 4703 1)
328 4623 392 4682 ner
412 4624 511 4683 nasu
533 4624 595 4684 unu
616 4624 668 4684 aar
689 4625 830 4685 nnuma
851 4591 986 4687 ravenn.
1008 4645 1076 4710 pag.
1099 4625 1164 4692 137.
