3300 5474
797 443 838 502 ot

237 629 400 724 ounque''
448 629 544 725 quod
593 637 698 726 poeta
736 651 933 726 purpuram
969 629 1101 725 optime
1141 629 1304 723 noverit3·
1338 628 1402 703 sed

238 793 357 844 nonne
402 771 466 844 illa
507 773 618 845 verba
654 772 787 867 optimo
824 771 903 844 iure
941 770 1053 845 tribui
1092 777 1243 866 possunt
1281 771 1402 845 Marso

240 912 485 1008 Hernicoque,
520 913 582 1008 qui
616 914 795 1007 quondam
821 914 983 987 solebant
1008 913 1097 986 talia
1123 921 1314 1009 praecepta
1339 914 1401 986 mi-

238 1056 387 1128 noribus
431 1054 542 1128 dare?
593 1054 778 1149 Cogitavit
824 1064 928 1151 poeta
969 1056 1118 1129 fortasse
1157 1055 1202 1129 de
1240 1056 1403 1130 versibus

239 1197 395 1290 Vergilii
424 1196 539 1270 VIIII
564 1201 635 1272 614
660 1220 737 1293 sqq.

693 1484 754 1544 VS.
777 1485 944 1544 nes-251.

314 1705 410 1779 Nota
434 1705 696 1779 mathematicis
720 1706 863 1800 genesis
889 1715 969 1798 tua3
997 1707 1059 1780 sed
1086 1730 1197 1801 grave
1221 1707 1342 1780 tardas

312 1856 520 1943 exspectare
545 1847 664 1921 eolus:
692 1849 853 1921 morieris
878 1849 1029 1922 stamine
1055 1849 1211 1922 nond'nm

158 2055 169 2074 ,
312 1990 475 2085 abrupto.
503 1990 574 2062 iam
601 2012 697 2063 nuno
722 1991 842 2063 obstas
868 2001 903 2063 et
928 2000 1012 2065 vota
1037 1991 1206 2081 moraris,

262 2163 263 2167 ¹
312 2132 381 2204 iam
409 2139 552 2225 torquet
579 2131 745 2204 iuvenem
771 2133 880 2226 longa
904 2143 939 2207 et
964 2133 1110 2207 eervina
1135 2140 1308 2207 senectus.

207 2354 210 2359 ¹
290 2362 541 2436 infelicissime
575 2360 756 2436 Soholtius
773 2360 799 2459 ¹)
834 2386 899 2458 pro
936 2362 1091 2458 „grave”
1126 2362 1224 2436 dedit
1260 2361 1403 2455 „eave”
1445 2327 1448 2335 Ι

240 2505 370 2578 Totius
407 2505 478 2578 loei
515 2506 612 2579 eolor
649 2504 686 2577 id
715 2506 884 2601 ,aeoipere
921 2528 1066 2602 prorsus
1106 2529 1171 2579 nos
1209 2514 1315 2578 vetat.
1364 2503 1403 2579 si

243 2647 396 2741 legimus
432 2647 563 2740 „eave”
599 2649 709 2721 verba
742 2670 834 2742 quae
866 2647 1084 2743 praecedunt
1112 2655 1219 2741 „nota
1244 2690 1291 2699 -
1316 2647 1402 2721 tua''

243 2791 306 2877 sie¹
321 2789 564 2884 intellegenda
589 2797 691 2879 sunt,
718 2799 759 2862 nt
780 2789 875 2884 patri
896 2790 965 2885 ipsi
986 2798 1071 2863 nota
1092 2789 1139 2862 sit
1159 2789 1302 2883 genesis
1322 2812 1402 2881 sua,

243 2943 283 3006 ut
309 2942 410 3028 pater
437 2933 473 3005 in
500 2955 583 3006 suos
608 2932 812 3034 inquisierit
837 2956 959 3006 annos.
986 2931 1037 3006 At
1064 2933 1145 3005 vide
1169 2954 1276 3027 quam
1302 2933 1405 3005 vehe-

244 3084 379 3148 menter
405 3075 458 3148 ita
478 3075 573 3148 aeies
597 3075 794 3148 sententiae
819 3074 1023 3148 hebetetur!
1052 3075 1194 3148 Etenim
1221 3098 1292 3148 non
1306 3083 1406 3170 pater

244 3218 306 3290 sed
331 3218 446 3307 filius,
474 3218 535 3312 qui
562 3217 670 3312 paulo
696 3224 779 3289 ante
803 3215 936 3289 dieitur
961 3214 1100 3311 trepido
1127 3195 1297 3310 magistro
1323 3216 1346 3288 i.
1373 3239 1403 3288 e.

242 3362 335 3454 patri
372 3383 441 3433 non
477 3381 648 3455 parsurus
682 3380 776 3449 esse,
817 3358 1085 3432 mathematicos
1117 3357 1308 3432 consuluit.
1356 3356 1406 3431 Et

243 3501 422 3575 consuluit
461 3500 505 3574 de
543 3501 668 3574 funere
705 3500 836 3597 patris:
876 3501 996 3574 eonfer
1035 3524 1158 3575 versus
1192 3502 1403 3594 250-2513

243 3642 317 3717 Sat.
353 3643 413 3715 ΠΙ
445 3646 512 3717 42:
562 3644 692 3738 „funus
731 3642 936 3739 promittere
974 3645 1087 3738 patris
1125 3667 1191 3718 neo
1224 3644 1306 3717 volo
1340 3664 1406 3716 nee

242 3808 403 3881 possum3
442 3784 500 3859 VI
534 3787 625 3859 565:
667 3785 844 3880 „consulit
878 3784 1044 3858 ieterioae
1077 3787 1173 3859 lento
1206 3785 1251 3860 de
1280 3786 1406 3859 funere

242 3925 407 4019 matris’';
449 3925 556 4001 ovid.
593 3927 678 4001 Met.
715 3927 734 3999 I
769 3928 856 3999 148:
900 3926 1018 4020 „filius
1043 3939 1125 4001 ante
1150 3927 1244 4001 diem
1270 3928 1406 4024 patrios

243 4070 393 4164 inquirit
418 4070 456 4143 in
482 4062 627 4143 annosss''
656 4067 842 4143 Sententia
866 4077 920 4143 est
934 4070 1065 4164 igitur:
1089 4070 1186 4143 filius
1198 4068 1292 4143 diem
1306 4070 1406 4144 novit

242 4220 325 4284 tuae
344 4211 502 4302 mortis,
536 4210 599 4285 sed
631 4233 743 4306 grave
768 4219 821 4284 est
847 4211 898 4301 ei,
935 4219 1141 4306 exspectare
1167 4218 1306 4308 tempus
1331 4212 1405 4286 fato

245 4374 469 4446 eoncessum3
497 4353 619 4448 itaque
644 4353 806 4426 morieris
830 4352 891 4425 filo
917 4351 1074 4426 nondum
1098 4352 1262 4450 abrupto.

286 4629 311 4706 ¹)
333 4629 353 4687 Ι.
372 4629 392 4687 l.
415 4647 482 4707 pag.
504 4628 572 4686 102.
686 4650 690 4660 ·
