3300 5474
807 435 845 492 83

698 755 757 815 VS.
785 758 949 815 193-195.

811 970 860 1043 Et
887 972 977 1044 tales
1003 970 1146 1066 adspice
1171 994 1299 1066 rugas,

346 1111 487 1205 quales,
516 1112 728 1186 umbriferos
755 1113 816 1186 ubi
842 1113 967 1208 pandit
992 1112 1184 1186 Thabraca
1208 1115 1339 1203 saltus,

346 1253 383 1325 in
411 1256 534 1327 vetula
558 1255 686 1351 scalpit
712 1256 783 1328 iam
810 1265 922 1329 mater
949 1257 1054 1329 simia
1079 1258 1201 1330 bucca.

290 1501 390 1594 Vsu,
430 1525 523 1598 quae
556 1512 609 1577 est
646 1505 793 1598 „tales'',
833 1505 871 1577 in
908 1505 1034 1578 mendo
1069 1506 1201 1578 cubare
1234 1506 1293 1579 vel
1326 1505 1406 1579 ideo

241 1653 376 1719 certum
409 1655 482 1741 est,
517 1647 613 1742 quod
652 1647 780 1740 „talis”
815 1656 851 1720 et
884 1648 1048 1741 „tantus”
1076 1657 1160 1722 ante
1184 1670 1289 1722 voces
1313 1670 1407 1743 quae

240 1795 324 1861 sunt
352 1789 514 1884 „qualis”
541 1797 577 1863 et
605 1789 806 1884 „quantus”
820 1813 958 1886 semper
971 1815 993 1864 a
1006 1790 1179 1864 Iuvenale
1192 1791 1408 1865 omittuntur

243 1928 378 2027 (confer
404 1930 581 2006 Kiacrum
599 1931 656 2030 ¹)).
692 1931 874 2007 Schcltius
889 1932 916 2030 2)
941 1934 1092 2007 coniecit
1119 1933 1285 2030 „turpes”
1311 1956 1405 2028 sper-

240 2096 328 2147 nens
354 2072 498 2148 Heinsii
522 2075 764 2150 coniecturam
800 2075 959 2169 „aniles”
999 2084 1122 2171 utpote
1147 2075 1406 2170 qundammcdn

239 2217 487 2311 languentem,
515 2217 612 2313 quod
637 2218 730 2291 idem
756 2218 801 2291 de
828 2241 914 2292 vnce
941 2218 1107 2314 „turpes”
1136 2218 1207 2292 dici
1233 2226 1358 2313 potest.

292 2357 465 2453 Equidem
501 2361 703 2454 putaverim
736 2360 1003 2448 substantivum
1028 2360 1124 2454 qund
1157 2371 1211 2433 est
1238 2359 1403 2454 ‚‚rugas’',

238 2527 347 2597 peracre
380 2502 452 2575 iam
483 2502 668 2575 definitum
696 2525 759 2597 per
784 2503 997 2575 sententiam
1023 2511 1248 2596 sequentem,
1276 2527 1406 2574 numero

239 2644 346 2716 etiam
385 2644 746 2719 circumscribendum
786 2667 862 2718 esse
900 2652 935 2716 et
973 2643 1181 2738 legendum:
1219 2643 1404 2736 „densas”

240 2783 372 2860 Onnfer
399 2785 474 2861 Sat.
501 2786 603 2860 XIII
629 2811 680 2860 vs.
707 2789 796 2861 215:
826 2788 1060 2881 „densissima
1084 2811 1176 2882 ruga
1201 2787 1343 2882 cogitur
1367 2789 1405 2859 in
1515 2784 1518 2790 ’

239 2928 425 3003 frontem.''

289 3070 382 3146 Cum
408 3074 622 3147 vccabulum
648 3097 800 3168 sequens
829 3072 881 3170 (in
895 3075 997 3147 libris
1018 3074 1281 3169 manuscriptis
1295 3075 1405 3167 vulgo

241 3237 303 3310 per
332 3214 439 3311 „asp”
467 3215 667 3313 exaratum)
695 3239 759 3312 per
785 3217 926 3290 easdem
951 3217 1091 3290 litteras
1112 3217 1261 3312 incipiat
1273 3216 1405 3311 quibus

138 3438 141 3444 ,
240 3358 307 3431 hcc
345 3356 493 3449 desinit,
535 3358 613 3431 fieri
651 3367 768 3454 potest
806 3367 847 3432 ut
885 3359 953 3432 hae
985 3359 1126 3431 litterae
1161 3357 1256 3450 „as”,
1295 3360 1404 3431 semel

240 3510 381 3575 tantum
406 3503 578 3598 scriptae,
607 3502 773 3576 mendum
800 3502 1012 3598 pepererint.
1047 3501 1237 3575 Librarius
1261 3509 1405 3597 propter

240 3653 447 3739 sequentem
475 3667 595 3719 vocem
611 3644 792 3739 -‚,quales’'
820 3644 925 3718 facile
951 3645 1088 3717 invenit
1117 3643 1263 3738 „tales”

691 3904 751 3963 VS.
774 3904 941 3962 anu-226.

346 4109 561 4184 Pereurram
589 4109 714 4200 citius,
740 4116 827 4203 quot
853 4108 959 4181 villas
984 4107 1163 4203 possideat
1188 4130 1300 4199 nune,

344 4275 416 4347 quc
446 4251 615 4325 tondente
640 4251 763 4345 gravis
788 4250 911 4326 iuveni
936 4250 1025 4326 mihi
1049 4251 1163 4324 barba
1186 4241 1371 4326 sonabat(

282 4529 305 4603 1)
326 4529 345 4585 l.
368 4528 386 4584 l.
408 4546 477 4605 pag.
500 4528 565 4588 152.
588 4535 652 4589 not.

279 4632 305 4710 ¹)
324 4635 345 4692 l.
366 4634 385 4692 l.
407 4651 475 4712 pag.
498 4631 546 4694 79.
