3300 5474
820 424 861 482 ‘24

296 606 422 681 Lectio
457 607 570 701 „hano
602 608 854 702 Asianorum',
888 632 998 705 quam
1020 611 1125 685 multi
1150 619 1186 684 ot
1210 613 1296 687 boni
1321 612 1415 687 oodi-

248 772 307 823 oes
336 748 487 841 habent,
523 751 615 824 falsa
647 773 724 825 osse
760 751 920 844 videtur,
952 752 1049 845 qnod
1073 753 1112 825 in
1138 754 1313 850 principio
1341 778 1417 829 ver·

247 915 370 985 ouum,
409 895 441 967 si
478 902 533 967 ter
565 902 738 989 quaterve
772 895 866 968 idem
904 896 1118 969 vocabulum
1144 882 1311 992 positum
1338 906 1414 993 est,

247 1035 431 1111 Iuvenalis
475 1060 677 1131 nunquam,
726 1037 822 1132 qnod
864 1037 956 1129 noio,
996 1036 1063 1111 hoo
1101 1039 1249 1112 verbum
1288 1048 1414 1115 mutat.

296 1179 496 1254 Mutatione
538 1179 605 1254 hoo
642 1180 720 1254 looo
757 1202 799 1253 eo
835 1181 955 1253 minus
992 1202 1082 1276 opus
1117 1188 1171 1254 ost
1205 1181 1320 1276 qnod,
1361 1183 1416 1256 uti

247 1321 319 1393 iam
350 1321 473 1395 doouit
510 1321 725 1396 Weidnerns
738 1318 764 1417 ¹)
801 1343 994 1416 pronomen
1022 1321 1125 1414 „hio”
1154 1323 1354 1418 promiscue
1380 1333 1415 1398 et

247 1462 291 1535 de
318 1463 406 1536 viris
430 1472 466 1536 et
491 1462 536 1536 de
557 1463 700 1536 feminis
725 1463 875 1557 dicitnr3
907 1471 948 1536 nt
973 1471 1095 1559 aperto
1120 1465 1237 1538 elucet
1262 1486 1308 1536 ox
1335 1463 1411 1538 Sat.

246 1603 318 1698 VI,
346 1607 417 1678 479
443 1606 507 1679 nbi
528 1606 718 1679 manifesto
744 1613 780 1678 et
805 1603 850 1678 de
874 1605 1018 1679 feminis
1043 1628 1159 1680 sermo
1185 1614 1253 1680 est.

706 1933 766 1994 VS.
789 1933 956 1994 278-282.

342 2164 477 2239 Ebrius
501 2166 751 2261 anomalam,
781 2165 844 2260 qui
870 2166 1010 2240 nullum
1035 2168 1129 2240 forte
1153 2165 1304 2258 cecidit,

340 2308 403 2382 dat
426 2330 576 2404 poenas,
603 2317 742 2382 nootem
770 2310 906 2404 patitur
931 2310 1089 2404 lugentis
1114 2309 1268 2384 amioum
1327 2411 1331 2419 ἡ

340 2451 504 2545 Pelidae,
531 2453 639 2526 cubat
664 2451 702 2525 in
726 2451 872 2543 faciem,
900 2474 982 2525 mox
1007 2450 1136 2524 deinde
1156 2451 1321 2547 supinus.

341 2617 426 2689 ergo
450 2618 522 2669 non
547 2595 653 2668 aliter
676 2593 808 2690 poterit
833 2590 1012 2667 dormire?
1037 2592 1253 2687 quibusdam

339 2759 502 2811 somnum
527 2737 608 2811 rixa
632 2735 730 2810 faoit.

290 2956 445 3033 Versum
482 2961 551 3032 281
592 2959 638 3032 ab
674 2957 874 3031 Heineokio
907 2965 943 3030 et
976 2965 1055 3052 post
1088 2979 1170 3030 eum
1196 2981 1218 3031 a
1243 2957 1408 3053 plurimis

241 3100 398 3174 deletum
430 3101 636 3175 oonieotnra
668 3101 858 3174 restituere
881 3122 996 3195 nuper
1020 3107 1169 3173 conatus
1193 3107 1248 3173 est
1275 3097 1407 3175 Gusta-

241 3264 309 3316 vus
333 3239 609 3342 Hoffmannus²)
639 3245 759 3340 legere
785 3243 932 3316 inbono:

313 3469 399 3543 ergo
425 3469 496 3521 non
521 3447 627 3521 aliter
652 3448 784 3543 poterit
809 3447 982 3540 dormire,
1010 3447 1219 3543 priusquam
1245 3454 1313 3522 oto.

290 3676 372 3769 Qua
411 3677 617 3752 oonieotura
650 3677 775 3752 melior
812 3678 881 3752 etsi
916 3677 1060 3752 videtur
1097 3679 1215 3752 fantus
1248 3700 1325 3753 osse
1362 3678 1411 3752 lo-

240 3843 324 3914 ono,
378 3843 456 3894 eam
502 3820 631 3894 falsam
687 3828 807 3894 tamen
853 3843 930 3894 esse
972 3820 1076 3895 oredo
1096 3863 1099 3867 Α
1123 3843 1239 3915 noque
1287 3820 1410 3894 versui

239 3940 411 4037 salutem
441 3985 544 4059 posse
589 3962 726 4037 afferre.
770 3963 882 4037 Poeta
919 3964 987 4038 hoo
1022 3964 1129 4037 dicit:
1170 3962 1307 4052 ebrius,
1346 3961 1410 4057 qni

239 4105 379 4180 nullum
413 4106 506 4179 forte
538 4105 684 4197 oeoidit,
719 4107 857 4202 patitur
889 4114 1029 4181 nootem
1063 4107 1277 4197 insomnem,
1312 4125 1409 4178 nuno

286 4407 297 4445 1
331 4408 351 4467 l.
374 4409 392 4468 1.
435 4411 552 4471 a.84.

280 4408 310 4592 ²))
326 4515 365 4575 In
385 4427 528 4595 {nima
560 4516 651 4575 Neue
671 4515 860 4576 Jahrbiioher
879 4517 928 4575 fiir
948 4517 1025 4576 Phil.
1046 4518 1109 4577 und
1128 4519 1218 4579 Poed.
1248 4521 1319 4582 Vol.
1341 4523 1408 4583 117.

239 4622 315 4682 Poro
336 4625 372 4697 5,
396 4644 425 4702 p.
448 4622 495 4683 78.
