3300 5474
830 433 870 490 60

259 623 365 696 matis
398 623 435 695 in
469 645 512 694 ea
546 622 719 717 reperies,
755 644 836 693 narn
875 619 1042 694 exhausit
1075 620 1216 693 lumbos
1251 627 1426 693 nocturno

259 774 417 860 tempore
441 787 523 838 cum
548 765 631 837 aliis
657 761 904 837 mulieribus.”
934 761 1036 836 Haec
1054 761 1208 836 ridicula
1221 758 1428 834 etabsurda

258 906 506 1002 interpretatio
541 905 628 977 mibi
658 905 803 1000 quidem
829 905 914 979 iude
934 913 1014 1001 orta
1038 927 1115 978 esse
1141 904 1303 996 videtur,
1331 902 1427 997 quod

260 1049 422 1143 vulgaris
444 1048 623 1120 enarratio
654 1056 746 1120 esset
771 1048 908 1120 insulsa
935 1054 971 1120 et
996 1055 1102 1142 poeta
1125 1046 1294 1141 indigna,
1322 1047 1374 1118 ita
1388 1052 1428 1118 ut

258 1193 460 1286 graviorem
486 1191 698 1264 sententiam
724 1192 870 1264 subesse
896 1198 1050 1286 putaret.

308 1331 566 1430 Weidnerus1)
606 1334 714 1406 verba
750 1355 843 1427 quae
877 1332 1096 1428 praecedunt
1131 1340 1189 1424 ,et
1222 1332 1311 1405 luua
1336 1340 1428 1406 teste

260 1475 470 1550 moventur'’
509 1477 600 1548 falso
639 1477 777 1571 accepit
811 1476 855 1551 de
889 1475 1043 1571 pudore,
1082 1495 1154 1569 quo
1189 1497 1249 1547 eos
1273 1475 1429 1548 afficeret

256 1621 366 1693 >Luna
390 1620 509 1712 testis;
532 1619 628 1714 quod
652 1620 684 1692 si
711 1641 835 1692 verum
861 1627 972 1709 esset,
1002 1627 1106 1714 poeta
1130 1618 1183 1691 sic
1208 1617 1427 1712 scripsisset,

260 1764 298 1835 ni
331 1763 455 1836 fallor:
494 1770 553 1854 ,at
587 1761 694 1834 Luna
727 1759 852 1848 teste”,
889 1760 946 1832 vel
983 1760 1112 1854 ,Luna
1135 1759 1277 1832 demum
1301 1758 1427 1832 teste.’'
1535 1734 1537 1738 ⁵

260 1909 450 1979 Praeterea
484 1906 574 1977 tales
608 1903 776 1976 mulieres
809 1901 917 1975 Luna
947 1911 1038 1975 teste
1063 1901 1277 1975 commoveri
1302 1923 1428 1996 parum

260 2059 314 2124 est
349 2049 544 2145 probabile.
596 2047 763 2141 Denique
801 2047 909 2119 talem
943 2043 1218 2140 explicationem
1252 2066 1275 2117 a
1308 2051 1429 2117 nostro

260 2194 338 2268 loco
371 2215 516 2287 prorsus
542 2192 696 2264 alienam
726 2212 803 2262 esse
827 2188 915 2262 mihi
941 2187 1060 2280 dabit,
1089 2187 1294 2282 quicunque
1318 2186 1430 2260 totius

261 2336 331 2409 loci
355 2336 509 2409 colorem
536 2342 631 2407 recte
657 2332 888 2427 perspexerit.

719 2608 778 2668 VS.
801 2607 968 2666 337-341.

336 2840 524 2914 Noverunt
550 2839 669 2913 Mauri
695 2848 803 2935 atqm
828 2839 930 2927 Indi,
959 2862 1053 2935 quae
1079 2839 1230 2935 psaltria
1255 2860 1381 2934 penem

334 2983 521 3071 maiorem,
549 3004 656 3077 quarn
683 2992 768 3055 sunt
792 2981 864 3054 duo
890 2979 1056 3056 Caesaris
1081 2981 1316 3056 Anticatones

334 3126 441 3214 illuc,
469 3125 626 3198 testiculi
652 3125 721 3197 sibi
747 3124 910 3198 conscius
936 3124 1031 3197 unde
1055 3125 1151 3219 fugit
1177 3148 1273 3214 mus,

335 3266 516 3358 intulerit,
545 3267 608 3339 ubi
635 3267 747 3339 velari
773 3266 914 3363 pictura
940 3266 1102 3359 iubetur,

336 3430 571 3503 quaecunque
594 3408 743 3481 alterius
768 3431 876 3482 sexus
900 3408 1042 3483 imitata
1065 3408 1221 3505 figuram
1247 3418 1311 3484 est.

313 3657 452 3731 Versus
487 3660 678 3731 338-339
709 3666 750 3730 ut
775 3658 904 3732 eiceret
929 3657 1130 3752 Scholtius,
1157 3659 1215 3733 his
1240 3660 1432 3734 levissimis

263 3801 440 3876 adductus
475 3810 529 3872 est
563 3800 698 3874 causis:
741 3823 834 3891 „non
868 3824 957 3896 opus
991 3810 1068 3874 erat
1104 3809 1144 3876 ut
1176 3803 1242 3876 illa
1275 3801 1433 3876 Psaltria

263 3944 467 4018 accuratius
500 3942 780 4036 describeretur;
816 3965 971 4038 sequens
1008 3967 1078 4018 vox
1116 3966 1195 4017 earn
1231 3941 1430 4043 (Clodium)

263 4085 352 4159 satis
384 4083 575 4176 significat.
612 4083 749 4158 Versus
782 4088 853 4159 339
888 4087 984 4159 omni
1017 4088 1092 4160 fere
1121 4110 1228 4161 sensu
1253 4089 1432 4163 communi

264 4235 371 4303 caret.
398 4226 496 4301 Num
522 4250 601 4302 mus
626 4228 759 4302 femina
784 4229 868 4302 inde
894 4253 965 4303 nou
986 4231 1082 4325 fugit
1090 4229 1131 4304 ?''
1159 4230 1263 4304 Nihil
1277 4230 1433 4327 amplius

264 4369 374 4444 addit.
403 4369 470 4444 Est
495 4394 582 4455 sane
606 4371 705 4445 dictu
732 4371 895 4463 difficile,
923 4372 1011 4467 quid
1037 4373 1173 4469 ubique
1198 4374 1351 4448 multum
1363 4373 1430 4467 sit,

309 4623 333 4698 ¹)
355 4622 374 4680 l.
395 4623 414 4680 l.
437 4641 504 4701 pag.
528 4624 595 4680 143.
