3300 5474
895 803 937 862 X.

380 1015 491 1090 Recte
528 1014 757 1090 Christianus
795 1015 926 1090 Rosius
959 1016 1217 1091 demonstravit
1243 998 1354 1092 rerba
1378 1017 1495 1094 Thuc.
1626 1077 1628 1080 >

330 1156 350 1228 Ι
377 1161 441 1231 13:
468 1165 650 1229 Μασσαλίαν
673 1171 814 1241 οἰκίζοντες
840 1181 917 1233 esse
942 1159 1113 1233 eicienda.

821 1319 910 1378 Neue
927 1319 1123 1379 Jahrbiicher.
1147 1322 1193 1378 40⁸
1217 1320 1304 1379 Hoft.
1328 1319 1417 1380 1877.

847 1565 941 1671 ’Π

378 1842 486 1939 Soph.
514 1841 603 1916 Oed.
631 1842 710 1922 Rex
737 1867 787 1917 vs.
811 1845 991 1918 216-75.
1016 1842 1165 1918 Praeter
1178 1843 1370 1924 Ribbeckii
1384 1855 1498 1919 trans-

329 1987 557 2080 positionem,
584 2009 636 2060 vs.
663 1987 829 2060 246-51
856 1993 936 2082 post
957 2009 1008 2090 rs.
1028 1988 1099 2060 272
1113 1987 1341 2080 collocantis,
1370 2010 1495 2061 versus

329 2130 495 2202 244-45
522 2136 557 2202 et
583 2131 752 2203 252-54
777 2128 931 2224 ponendi
956 2137 1040 2203 sunt
1066 2137 1145 2225 post
1172 2132 1253 2203 268.

377 2272 529 2367 Insuper
554 2295 606 2346 vs.
633 2274 703 2345 263
728 2271 902 2346 delendus
928 2279 991 2346 est.
1136 2348 1138 2351 ,
1382 2251 1386 2259 ’

880 2601 958 2661 ΧΠ.

376 2814 492 2888 Thuc.
518 2813 558 2887 Π
585 2817 649 2888 90:
689 2823 728 2887 Oi
758 2819 791 2886 δὲ
821 2823 1030 2893 Πελοποννήσιο
1030 2850 1159 2890 ......
1182 2828 1348 2913 ἀναγόμενοι
1369 2829 1433 2912 ἅμα
1456 2828 1492 2911 ἕῳ

327 2957 423 3020 ἔπλεον
436 3007 531 3024 .....
556 2962 600 3020 ἐπὶ
623 2962 675 3024 τὴν
698 2959 807 3020 ἑαυτῶν
830 2967 884 3046 γῆν
908 2958 965 3021 ’έσω
988 2959 1033 3021 ἐπὶ
1056 2966 1105 3022 τοῦ
1128 2957 1232 3021 κόλπον
1255 2984 1283 3022 κ.
1307 2983 1333 3025 τ.
1362 2957 1389 3023 λ.

377 3088 499 3164 Verba
521 3103 564 3162 ἐπὶ
587 3106 637 3167 τήν
660 3102 770 3163 ἑαυτῶν
793 3110 846 3188 γῆν
868 3091 1084 3187 interpolata
1109 3098 1206 3164 sunt.

865 3418 958 3478 xm.

375 3738 470 3813 Xen.
493 3738 622 3813 Anah.
657 3738 697 3812 ΙΙ
727 3736 769 3814 O.
802 3741 836 3813 5.
862 3742 921 3813 41.
957 3737 1079 3813 Verba
1102 3742 1208 3810 δίκαιον
1230 3755 1287 3838 γάρ
1306 3745 1493 3812 ἀπόλλυσθαι

326 3887 389 3956 τοὺς
412 3887 608 3972 ἐπιορκοῦντας
631 3880 808 3956 immerito
833 3905 856 3954 a
881 3879 1018 3956 Oobeto
1042 3881 1156 3955 eiecta
1180 3888 1276 3955 sunt.

858 4209 969 4270 XIIII.
1040 4253 1041 4256 ,

376 4503 515 4601 Sproke
545 4528 615 4578 van
650 4504 704 4578 de·
728 4504 1025 4599 Borchgravinne
1053 4527 1125 4578 van
1149 4503 1274 4599 Vergi.
1316 4503 1492 4603 (Uitgave

328 4646 665 4746 vanBr1111873).
706 4647 768 4722 Vs.
799 4649 1009 4721 122-128:
