3300 5474
811 427 849 487 47

242 627 400 715 querunt
429 618 667 692 difficultates.
704 616 831 713 Nuper
863 615 1024 691 Kiaerus
1049 641 1178 692 novam
1202 619 1285 692 iniit
1309 619 1416 692 inter-

242 760 408 856 pretandi
442 761 556 849 viam,
591 759 654 833 sed
688 760 854 854 quamvis
887 760 1023 854 alioqui
1062 769 1140 834 tuto
1174 783 1255 835 eum
1289 761 1415 836 ducem

241 905 422 999 sequnis,
449 926 546 976 nnnc
571 925 653 976 curn
678 924 720 975 eo
746 924 872 975 vereor
898 924 943 974 ne
969 904 1123 976 aberres.
1158 903 1251 978 Tres
1277 905 1415 1000 potissi-

244 1046 666 1135 mnmsuntsententiae,
690 1067 785 1140 quae
798 1046 956 1117 omnium
978 1045 1214 1141 interpretum
1226 1047 1416 1120 conatibus

243 1190 429 1279 resistant,
464 1210 620 1283 quarum
652 1188 768 1282 prima
803 1195 858 1260 est
882 1187 990 1260 haec:
1021 1212 1114 1280 „non
1136 1198 1191 1263 est
1215 1190 1276 1264 hic
1299 1212 1416 1263 sermo

242 1331 395 1427 pudicus
432 1331 470 1403 in
509 1329 666 1403 vetula.''
709 1327 811 1419 Quae
851 1331 979 1421 verba,
1019 1331 1050 1403 si
1090 1354 1153 1427 per
1186 1355 1225 1405 se
1258 1340 1414 1428 spectes,

242 1474 334 1548 nihil
370 1474 514 1548 omnino
548 1472 684 1546 dicunt.
722 1470 815 1545 Nam
851 1472 915 1566 qui
948 1472 990 1546 fit
1024 1482 1065 1547 ut
1098 1474 1179 1567 „hic
1204 1498 1319 1549 sermo
1345 1498 1415 1549 non

241 1617 290 1690 sit
315 1614 517 1712 pudicus’'?
540 1613 581 1688 Si
603 1636 683 1689 cum
708 1615 959 1708 sequentibus,
986 1616 1083 1711 quod
1109 1619 1220 1712 vulgo
1247 1618 1306 1709 fit,
1336 1641 1415 1692 con·

242 1759 391 1852 iungas,
432 1759 520 1832 haec
557 1759 632 1830 fere
666 1765 720 1830 est
754 1758 951 1830 sententia:
991 1758 1073 1852 „hic
1105 1782 1221 1834 sermo
1256 1784 1327 1834 non
1361 1770 1415 1834 est

243 1902 411 1998 pudicus:
446 1901 578 1974 etenim
610 1901 751 1995 quotics
784 1900 876 1974 illud
901 1902 1076 1975 lascivum
1102 1925 1272 1999 usurpas,
1302 1905 1415 1978 uteris

243 2045 382 2135 verbis,
417 2044 551 2138 quibus
585 2042 690 2116 modo
716 2043 753 2114 in
778 2044 972 2117 concubitu
999 2045 1077 2118 viro
1102 2044 1314 2119 adblandita
1338 2046 1413 2119 es.''

242 2187 338 2261 Turn
363 2209 448 2260 vero
469 2207 579 2280 quam
599 2208 730 2279 grave,
753 2207 863 2279 quam
876 2186 1000 2260 efficax
1019 2195 1073 2260 est
1086 2187 1178 2261 illud
1194 2188 1413 2284 „podiensi”

244 2327 358 2419 Quasi
391 2329 584 2424 quisquam
619 2329 686 2401 hoc
719 2328 925 2402 addubitet!
961 2327 1021 2401 An
1057 2352 1141 2404 vero
1175 2331 1328 2426 pudicus
1361 2340 1416 2404 est

241 2473 280 2546 in
308 2471 453 2569 puella?
468 2516 515 2525 —
528 2471 656 2545 Altera
681 2480 735 2545 est
748 2494 791 2545 ea
803 2494 912 2566 quam
925 2480 1030 2567 poeta
1042 2473 1095 2546 sic
1106 2474 1257 2547 extulit:
1288 2474 1414 2567 „modo

241 2617 309 2689 sub
347 2614 463 2688 lodice
497 2615 633 2688 relictis
667 2614 781 2688 uteris
814 2615 852 2686 in
886 2614 1028 2688 turba.''
1057 2614 1158 2690 Haec
1185 2618 1295 2690 verba
1320 2625 1415 2690 recte

240 2781 280 2831 se
318 2758 449 2831 habere
486 2781 557 2831 uon
595 2765 759 2853 possunt,
796 2780 880 2830 nam
909 2759 1059 2831 molesta
1085 2758 1131 2832 iis
1157 2758 1250 2832 inest
1275 2767 1413 2833 contra-

240 2900 368 2975 dictio:
403 2923 475 2996 quo
504 2900 608 2973 modo
633 2900 729 2973 enim
755 2900 870 2994 possis
895 2901 933 2972 in
959 2902 1067 2974 turba
1092 2901 1115 2974 i,
1144 2924 1173 2975 e.
1201 2902 1238 2974 in
1266 2904 1411 2998 publico

239 3044 286 3117 iis
319 3043 390 3134 uti,
425 3064 519 3137 quae
543 3042 632 3115 alibi
657 3041 873 3137 reliqueris?
909 3041 1143 3118 Heinrichius
1168 3044 1258 3118 adeo
1284 3045 1328 3118 de
1354 3045 1413 3119 his

240 3185 381 3260 duabus
416 3185 604 3259 sententiis
641 3183 861 3280 desperavit,
901 3193 942 3259 nt
979 3209 1002 3259 a
1039 3187 1212 3262 monacho
1250 3188 1410 3282 quodam

157 3329 161 3339 ’
240 3329 419 3424 profectas
443 3349 520 3400 esse
546 3334 708 3400 statuens
734 3349 794 3400 eas
820 3327 1004 3401 deleverit.
1032 3373 1079 3382 -
1106 3327 1277 3423 Denique
1302 3332 1413 3404 verba

239 3492 334 3566 qnae
370 3476 588 3564 sequuntur:
643 3468 760 3563 „quod
795 3469 891 3542 enim
920 3493 991 3543 non
1018 3471 1151 3545 excitet
1177 3471 1313 3566 inguen
1339 3495 1411 3547 vox

240 3612 374 3686 blanda
410 3622 447 3686 et
484 3610 663 3706 nequam?
708 3611 842 3706 digitos
880 3611 1011 3686 habet''
1055 3613 1316 3707 quodammodo
1347 3597 1414 3688 'ob-

239 3777 346 3830 scura
383 3763 487 3846 sunt,
527 3762 609 3844 ant,
657 3764 699 3827 nt
733 3756 938 3828 accuratius
971 3755 1110 3848 dicam,
1149 3756 1242 3830 illud
1271 3758 1410 3850 „enim”

240 3906 321 3993 apte
359 3897 534 3992 explicari
569 3919 642 3969 non
679 3905 805 3992 potest.
845 3895 961 3971 Cuius
994 3899 1047 3971 rei
1083 3900 1178 3971 enim
1203 3901 1306 3973 affert
1332 3923 1414 3974 cau-

239 4040 342 4114 sam?
375 4040 459 4115 Nou
493 4048 589 4114 certe
620 4063 743 4114 eorum
769 4063 862 4136 quae
888 4042 1116 4137 praecedunt.
1152 4043 1247 4118 Nam
1272 4052 1414 4139 poetam

240 4183 445 4275 significare
485 4183 660 4274 voluisse,
702 4205 824 4257 vocem
857 4183 1027 4257 blandam
1064 4184 1153 4258 adeo
1179 4185 1337 4259 exaitare
1362 4186 1412 4258 in-

240 4348 354 4420 guen,
390 4334 432 4400 ut
464 4333 501 4399 et
537 4327 659 4399 vetula
694 4325 791 4399 viros
827 4347 869 4398 ea
903 4325 1041 4400 illicere
1066 4328 1134 4401 snb
1159 4328 1311 4402 lodicem
1336 4352 1413 4424 pos

240 4477 312 4560 set,
339 4491 443 4542 nemo
468 4467 621 4564 putabit.
648 4466 801 4562 Insuper
826 4469 954 4562 verba,
995 4491 1089 4564 quae
1114 4479 1194 4566 post
1220 4470 1410 4566 leguntur:

116 4684 120 4689 .
243 4611 375 4705 „facies
412 4619 475 4684 tua
512 4619 694 4707 computat
731 4611 865 4684 annos''
903 4612 993 4686 satis
1025 4608 1218 4686 ostendunt
1254 4614 1411 4686 vetulam
