3300 5474
839 419 879 475 88

275 606 386 680 disset
414 605 476 704 (so.
504 605 599 701 quod
624 628 807 700 nunquam
834 605 898 678 illa
922 605 1040 679 sorofa
1066 605 1253 679 exstiterat
1281 628 1442 699 -ergo

275 772 364 822 non:
391 749 483 822 alias
507 747 670 846 vidisset)
700 771 739 821 re
764 770 849 821 vera
870 746 988 843 lepide
1009 747 1229 842 significavit
1248 770 1286 820 se
1299 748 1443 821 fabulas

275 891 358 964 illas
392 892 548 986 poeticas
582 914 653 964 non
688 890 809 984 magni
844 890 979 978 faeere,
1020 889 1115 983 quod
1163 897 1303 963 tantum
1341 891 1442 964 abest

275 1042 316 1107 ut
348 1057 370 1106 a
404 1032 588 1106 Iuvenalis
613 1032 773 1106 moribus
798 1032 1006 1122 abhorreat,
1038 1040 1079 1105 ut
1104 1033 1274 1128 permulti
1301 1040 1442 1106 exstent

274 1176 363 1267 loni,
401 1176 440 1247 in
474 1175 607 1270 quibus
641 1196 698 1246 res
731 1174 909 1271 mythioas
934 1173 1094 1247 derideat
1120 1175 1178 1247 vel
1200 1174 1319 1247 minus
1344 1197 1442 1247 reve

274 1326 394 1391 renter
418 1318 589 1411 loquatur
611 1315 655 1389 de
681 1315 761 1389 diis.
789 1314 892 1389 Oonf.
920 1314 994 1389 Sat.
1022 1315 1062 1388 II
1091 1320 1178 1405 149,
1194 1316 1338 1390 111267
1354 1338 1440 1411 sqq,

275 1459 311 1532 V
338 1462 425 1550 101,
454 1459 510 1532 VI
536 1462 600 1548 60,
630 1462 718 1548 394,
747 1458 846 1531 XIII
872 1460 1035 1548 40-52,
1064 1457 1184 1530 XIIII
1212 1460 1283 1531 240
1309 1480 1386 1553 sqq.

750 1733 810 1792 VS.
838 1735 965 1792 89-92.

374 1947 445 2022 Hie
469 1956 631 2022 nostrum
655 1947 806 2043 placabo
832 1946 955 2019 Iovem
980 1945 1208 2039 Laribusque
1232 1946 1392 2041 paternis

372 2098 455 2164 tura
480 2089 574 2163 dabo
599 2097 709 2184 atque
733 2089 848 2163 omnis
875 2089 992 2162 violae
1018 2088 1161 2162 iactabo
1187 2090 1333 2162 oolores.

373 2240 503 2306 ounota
529 2232 662 2324 nitent,
691 2232 817 2327 longos
841 2232 957 2305 erexit
982 2232 1092 2305 ianua
1116 2253 1234 2304 ramos

372 2383 408 2448 et
434 2375 622 2449 matutinis
648 2383 817 2471 operatur
841 2376 933 2449 festa
957 2375 1125 2449 luoernis.

325 2613 486 2688 Verbum
521 2614 736 2710 „operatur”
768 2615 960 2689 admodum
994 2614 1214 2689 incommode
1248 2615 1308 2689 bio
1340 2637 1441 2688 usur-

226 2735 228 2740 ⁵
274 2766 398 2853 patum
424 2780 502 2831 esse
528 2758 616 2830 mihi
642 2757 795 2831 videtur.
825 2757 1000 2851 „Ianuam
1026 2759 1165 2853 erigere
1190 2757 1329 2832 ramos''
1357 2759 1380 2831 i.
1408 2781 1438 2831 e.

275 2909 411 2975 erectos
443 2909 584 2993 tenere,
620 2908 661 2974 ut
694 2922 803 2995 supra
839 2900 1054 2994 „simulacra
1082 2902 1244 2997 aooipere
1269 2901 1438 3003 coronas'

275 3043 362 3116 ferri
386 3051 517 3138 potest,
532 3041 595 3116 sed
612 3043 777 3137 „ianuam
795 3042 1018 3115 saorifioare'’
1033 3042 1240 3138 prodigiosa
1252 3053 1307 3117 est
1320 3043 1440 3118 diotio.

325 3183 584 3283 Weidnerus1)
621 3184 766 3280 quidem
799 3184 992 3259 adnotans:
1033 3186 1146 3280 „festa
1179 3187 1288 3260 ianua
1322 3209 1442 3282 opera-

274 3338 335 3403 tur
359 3331 383 3403 i.
410 3352 441 3404 e.
469 3331 581 3404 saeris
606 3351 750 3424 operam
775 3328 836 3402 dat
860 3354 906 3393 =
929 3351 1032 3402 saora
1056 3337 1092 3401 et
1123 3328 1272 3402 honores
1289 3327 1439 3404 indioit'’

275 3472 573 3566 significationem
598 3471 644 3545 ad
671 3472 767 3546 huno
791 3472 909 3545 looum
922 3471 1061 3566 aptavit
1075 3494 1146 3544 non
1165 3494 1248 3544 vero
1262 3471 1439 3566 probavit.

324 3613 539 3710 Grangaeus
554 3613 581 3712 2)
618 3638 712 3688 vana
741 3615 977 3709 interpretum
1003 3614 1190 3686 conamina
1218 3613 1333 3707 „albis
1358 3613 1440 3686 den-

275 3756 394 3831 tibus’'
423 3758 543 3832 ridens
569 3758 721 3832 oonieoit
748 3757 965 3854 „operitur”
994 3755 1065 3830 Sed
1087 3756 1280 3848 effioaoior,
1296 3756 1439 3851 opinor,

277 3900 414 3973 medela
450 3909 591 3997 praesto
626 3908 689 3974 est.
731 3901 824 3975 Nam
850 3899 1094 3973 desideramus
1119 3897 1237 3971 adbuo
1261 3887 1441 3972 notionem

275 4043 537 4137 abundantiae,
564 4067 658 4140 quae
684 4044 819 4139 ubique
843 4044 881 4115 in
908 4041 1088 4137 prioribus
1108 4041 1211 4113 inest.
1240 4038 1358 4130 Quam
1373 4041 1441 4117 tibi

274 4188 471 4285 praestabit
511 4186 735 4282 „oneratur”
778 4186 880 4260 Haeo
916 4193 992 4258 tum
1030 4182 1219 4256 babemus:
1261 4182 1440 4276 „Laribus

317 4519 340 4594 ¹)
362 4520 380 4578 l.
403 4520 422 4576 I.
446 4537 513 4596 pag.
536 4520 604 4576 258.

317 4625 428 4703 ²)qu
451 4625 512 4684 sat.
534 4624 590 4684 Ed.
613 4625 716 4683 Henn.
738 4643 805 4704 pag.
827 4625 896 4682 331.
