3300 5474
798 467 838 528 99

240 657 327 730 haee
365 656 463 730 diota
499 679 594 745 esse,
634 656 686 729 ita
723 665 841 729 tamen
879 663 919 728 ut
957 655 1002 726 ad
1042 677 1162 728 eorum
1201 654 1402 749 opinionem

239 822 310 872 non
348 798 533 890 accedam,
569 798 633 892 qui
666 798 791 873 dieunt
826 806 965 894 poetam
1002 799 1108 893 plane
1141 798 1320 872 contraria
1352 798 1404 870 in·

240 941 365 1036 tellegi
408 941 575 1016 voluisse.
635 941 739 1016 Haeo
789 941 883 1014 enim
929 964 1009 1015 eum
1056 940 1289 1035 sequentibus
1333 963 1404 1014 non

235 1084 480 1195 eonvenirent.
522 1085 629 1160 Nune
662 1094 782 1159 autem
817 1085 1046 1180 ambiguum,
1086 1085 1181 1180 quod
1206 1084 1404 1158 sententiae

239 1227 351 1319 inest,
388 1227 647 1322 quodammodo
678 1228 786 1301 etiam
812 1228 966 1323 pertinet
992 1227 1037 1300 ad
1068 1229 1218 1301 alteram
1243 1227 1404 1301 enuntia-

240 1369 347 1443 tionis
384 1378 523 1465 partem
564 1392 652 1463 „nee
689 1369 778 1442 mihi
815 1369 914 1444 deest
949 1336 1073 1461 ultio”‚
1106 1377 1146 1443 ut
1170 1370 1404 1464 intellegatur

240 1512 330 1586 ultio
356 1534 478 1608 parva.

289 1654 395 1746 Quod
428 1654 559 1728 attinet
590 1653 636 1726 ad
663 1676 783 1728 vooem
811 1653 1026 1747 „vindiota''‚
1054 1677 1184 1745 exeo,
1211 1653 1403 1748 quodma

240 1798 370 1871 nifesto
393 1797 557 1893 opposita
581 1804 635 1869 est
660 1797 835 1870 vocabulo
862 1795 1051 1890 ,‚iniuria”,
1077 1805 1154 1870 tum
1179 1795 1281 1887 inde,
1308 1794 1404 1890 quod

241 1939 437 2037 particula,
473 1962 566 2034 quae
599 1948 652 2013 est
687 1937 849 2033 „tamen”
882 1938 954 2011 vim
980 1939 1146 2033 infringit
1172 1938 1302 2034 prioris
1327 1961 1403 2011 sen-

238 2082 391 2173 tentiae,
421 2103 515 2176 quae
540 2089 594 2155 est
618 2103 707 2175 „nee
730 2080 819 2154 mihi
844 2080 957 2154 deerit
981 2081 1095 2155 ultio'’
1123 2089 1164 2155 ut
1189 2103 1315 2158 sensus
1335 2080 1401 2154 sit:

246 2224 360 2319 „ultio
385 2223 530 2319 quidem
542 2223 631 2297 mihi
645 2223 834 2318 contingit,
849 2223 911 2301 sed
925 2245 1045 2297 omnes
1058 2223 1233 2321 manipuli
1246 2223 1403 2299 effioiunt

239 2377 280 2443 ut
314 2368 403 2443 haee
434 2367 527 2442 ultio
559 2367 636 2442 sive
669 2366 829 2441 vindicta
853 2367 891 2439 in
918 2389 974 2440 me
998 2366 1116 2462 ipsum
1143 2366 1313 2458 reeidat'’‚
1339 2389 1404 2462 per

243 2534 282 2585 se
307 2511 472 2605 sequitur
496 2517 537 2584 ut
561 2510 803 2604 intellegenda
826 2509 874 2583 sit
898 2509 943 2582 de
954 2531 1069 2606 poena
1085 2508 1193 2581 militi
1205 2508 1401 2583 subeunda.

110 2743 113 2749 ¹
242 2651 392 2747 Alioqui
419 2660 524 2749 poeta
548 2652 694 2748 insuper
718 2652 886 2727 dixisset:
916 2652 1035 2748 „prior
1059 2651 1226 2725 iniuria.'’

289 2793 392 2869 Haeo
417 2795 448 2868 si
475 2802 570 2869 reete
595 2793 778 2890 disputata
801 2802 903 2885 sunt,
930 2795 1052 2868 statim
1077 2793 1160 2867 inde
1186 2794 1338 2867 effioitur
1361 2802 1402 2867 ut

241 2937 401 3012 vindieta
425 2946 521 3012 reete
547 2936 688 3011 dieatur
711 2935 938 3030 „ourabilis'',
952 2944 988 3010 et
1004 2936 1229 3010 oonieoturae
1242 2934 1403 3010 Orameri

239 3080 393 3174 legentis
428 3078 658 3175 „plorabilis”
694 3079 753 3153 vel
789 3077 1021 3172 „durabilis''‚
1057 3100 1123 3152 neo
1157 3101 1229 3151 non
1251 3075 1402 3153 Seholtii

240 3244 354 3317 nuper
379 3221 609 3319 proponentis
636 3219 893 3315 „miserabilis”
921 3221 979 3321 vel
1015 3219 1234 3314 „mirabilis”
1261 3220 1401 3295 iaoeant

240 3387 383 3439 neeesse
409 3364 467 3438 sit.
506 3362 738 3438 Eandemob
767 3385 911 3437 oausam
932 3361 1204 3458 improbandum
1229 3371 1283 3437 est
1307 3363 1403 3458 quod

241 3505 475 3581 Heinriohius
492 3503 518 3604 1)
560 3505 693 3580 voluit:
731 3513 794 3600 „ut
831 3504 991 3580 vindiota
1026 3505 1074 3579 sit
1111 3505 1257 3600 gravior
1293 3527 1402 3600 quam

239 3649 373 3725 iniuria
397 3647 603 3724 curabilis.''

291 3790 460 3886 Denique
485 3799 679 3885 utrumque
699 3789 916 3865 adieetivum
931 3788 1146 3884 „curabilis”
1161 3797 1196 3862 et
1212 3789 1401 3884 „gravior”

240 3933 484 4030 praedicative
517 3932 674 4029 positum
707 3955 802 4024 esse,
838 3933 889 4006 ita
913 3940 954 4007 ut
978 3933 1131 4006 alterum
1155 3930 1332 4027 pertineat
1356 3931 1403 4006 ad

241 4075 410 4169 militem,
437 4077 591 4150 alterum
617 4073 663 4148 ad
688 4074 820 4167 civem,
847 4075 949 4147 nullo
970 4073 1075 4148 modo
1088 4073 1202 4148 ausim
1215 4073 1401 4148 affirmare.

243 4216 422 4312 Equidem
466 4217 553 4293 huio
595 4216 799 4292 difficultati
836 4216 979 4291 obviam
1016 4215 1070 4289 ire
1108 4223 1143 4289 et
1170 4215 1321 4310 mederi,
1362 4225 1403 4290 ut

240 4382 363 4457 spero,
415 4359 525 4434 velim
564 4358 789 4433 enarratione
825 4359 949 4454 aliqua
986 4380 1031 4432 ex
1068 4365 1170 4454 parte
1206 4356 1349 4433 diversa
1381 4383 1404 4433 a

285 4663 390 4738 1)1.1.
411 4661 479 4722 Vol.
501 4661 536 4721 II
557 4679 626 4741 pag.
646 4660 705 4720 523
726 4680 789 4740 sqq.
