<?xml version="1.0" encoding="UTF-8"?>
<!DOCTYPE html PUBLIC "-//W3C//DTD XHTML 1.0 Transitional//EN"
    "http://www.w3.org/TR/xhtml1/DTD/xhtml1-transitional.dtd">
<html xmlns="http://www.w3.org/1999/xhtml" xml:lang="en" lang="en">
 <head>
  <title>
</title>
<meta http-equiv="Content-Type" content="text/html;charset=utf-8" />
  <meta name='ocr-system' content='tesseract 3.04.00' />
  <meta name='ocr-capabilities' content='ocr_page ocr_carea ocr_par ocr_line ocrx_word'/>
</head>
<body>
  <div class='ocr_page' id='page_1' title='image "adnotationescri00jonggoog_0061.png"; bbox 0 0 3300 5474; ppageno 0'>
   <div class='ocr_carea' id='block_1_1' title="bbox 805 433 845 492">
    <p class='ocr_par' dir='ltr' id='par_1_1' title="bbox 805 433 845 492">
     <span class='ocr_line' id='line_1_1' title="bbox 805 433 845 492; baseline 0.025 -1"><span class='ocrx_word' id='word_1_1' title='bbox 805 433 845 492; x_wconf 80' lang='lat'>56</span> 
     </span>
    </p>
   </div>
   <div class='ocr_carea' id='block_1_2' title="bbox 239 619 1406 3845">
    <p class='ocr_par' dir='ltr' id='par_1_2' title="bbox 244 619 1405 857">
     <span class='ocr_line' id='line_1_2' title="bbox 293 619 1405 715; baseline 0 -21"><span class='ocrx_word' id='word_1_2' title='bbox 293 619 409 710; x_wconf 81' lang='lat' dir='ltr'>Quam</span> <span class='ocrx_word' id='word_1_3' title='bbox 434 620 781 715; x_wconf 80' lang='lat' dir='ltr'>interpretationem,</span> <span class='ocrx_word' id='word_1_4' title='bbox 808 619 893 693; x_wconf 90' lang='lat' dir='ltr'>lieet</span> <span class='ocrx_word' id='word_1_5' title='bbox 915 620 1098 714; x_wconf 81' lang='lat' dir='ltr'>ingeniose</span> <span class='ocrx_word' id='word_1_6' title='bbox 1122 621 1170 694; x_wconf 92' lang='lat' dir='ltr'>sit</span> <span class='ocrx_word' id='word_1_7' title='bbox 1182 620 1405 715; x_wconf 79' lang='lat' dir='ltr'>excogitata,</span> 
     </span>
     <span class='ocr_line' id='line_1_3' title="bbox 244 762 1198 857; baseline 0.002 -23"><span class='ocrx_word' id='word_1_8' title='bbox 244 763 361 836; x_wconf 81' lang='lat' dir='ltr'>faeere</span> <span class='ocrx_word' id='word_1_9' title='bbox 385 785 457 835; x_wconf 93' lang='lat' dir='ltr'>non</span> <span class='ocrx_word' id='word_1_10' title='bbox 478 784 620 857; x_wconf 91' lang='lat' dir='ltr'>possum</span> <span class='ocrx_word' id='word_1_11' title='bbox 645 762 733 856; x_wconf 87' lang='lat' dir='ltr'>quin</span> <span class='ocrx_word' id='word_1_12' title='bbox 758 762 907 855; x_wconf 90' lang='lat' dir='ltr'>gravius</span> <span class='ocrx_word' id='word_1_13' title='bbox 931 762 1198 857; x_wconf 88' lang='lat' dir='ltr'>reprehendam.</span> 
     </span>
    </p>

    <p class='ocr_par' dir='ltr' id='par_1_3' title="bbox 241 903 1406 2562">
     <span class='ocr_line' id='line_1_4' title="bbox 293 903 1404 999; baseline -0.003 -21"><span class='ocrx_word' id='word_1_14' title='bbox 293 904 404 995; x_wconf 89' lang='lat' dir='ltr'>Nam,</span> <span class='ocrx_word' id='word_1_15' title='bbox 439 913 480 978; x_wconf 94' lang='lat' dir='ltr'>ut</span> <span class='ocrx_word' id='word_1_16' title='bbox 518 905 584 978; x_wconf 88' lang='lat' dir='ltr'>hoo</span> <span class='ocrx_word' id='word_1_17' title='bbox 609 905 771 978; x_wconf 90' lang='lat' dir='ltr'>omittam</span> <span class='ocrx_word' id='word_1_18' title='bbox 795 903 890 998; x_wconf 92' lang='lat' dir='ltr'>quod</span> <span class='ocrx_word' id='word_1_19' title='bbox 918 926 1043 978; x_wconf 90' lang='lat' dir='ltr'>versus</span> <span class='ocrx_word' id='word_1_20' title='bbox 1067 905 1174 999; x_wconf 90' lang='lat' dir='ltr'>primi</span> <span class='ocrx_word' id='word_1_21' title='bbox 1197 905 1234 976; x_wconf 90' lang='lat' dir='ltr'>in</span> <span class='ocrx_word' id='word_1_22' title='bbox 1256 903 1404 978; x_wconf 91' lang='lat' dir='ltr'>eandem</span> 
     </span>
     <span class='ocr_line' id='line_1_5' title="bbox 244 1043 1406 1140; baseline 0.001 -22"><span class='ocrx_word' id='word_1_23' title='bbox 244 1070 364 1122; x_wconf 88' lang='lat' dir='ltr'>vooem</span> <span class='ocrx_word' id='word_1_24' title='bbox 389 1053 559 1119; x_wconf 84' lang='lat' dir='ltr'>exeuntes</span> <span class='ocrx_word' id='word_1_25' title='bbox 584 1045 711 1119; x_wconf 88' lang='lat' dir='ltr'>auditu</span> <span class='ocrx_word' id='word_1_26' title='bbox 738 1046 856 1118; x_wconf 91' lang='lat' dir='ltr'>minus</span> <span class='ocrx_word' id='word_1_27' title='bbox 882 1043 966 1118; x_wconf 88' lang='lat' dir='ltr'>sunt</span> <span class='ocrx_word' id='word_1_28' title='bbox 991 1067 1137 1139; x_wconf 83' lang='lat' dir='ltr'>suaves,</span> <span class='ocrx_word' id='word_1_29' title='bbox 1168 1068 1262 1140; x_wconf 89' lang='lat' dir='ltr'>quae</span> <span class='ocrx_word' id='word_1_30' title='bbox 1286 1047 1406 1121; x_wconf 90' lang='lat' dir='ltr'>insua-</span> 
     </span>
     <span class='ocr_line' id='line_1_6' title="bbox 244 1186 1404 1285; baseline -0.002 -23"><span class='ocrx_word' id='word_1_31' title='bbox 244 1191 336 1262; x_wconf 81' lang='lat' dir='ltr'>vitas</span> <span class='ocrx_word' id='word_1_32' title='bbox 369 1188 474 1280; x_wconf 90' lang='lat' dir='ltr'>loeis,</span> <span class='ocrx_word' id='word_1_33' title='bbox 508 1210 598 1282; x_wconf 91' lang='lat' dir='ltr'>quos</span> <span class='ocrx_word' id='word_1_34' title='bbox 633 1187 773 1279; x_wconf 90' lang='lat' dir='ltr'>attulit,</span> <span class='ocrx_word' id='word_1_35' title='bbox 809 1187 898 1260; x_wconf 90' lang='lat' dir='ltr'>satis</span> <span class='ocrx_word' id='word_1_36' title='bbox 927 1186 1070 1260; x_wconf 88' lang='lat' dir='ltr'>defendi</span> <span class='ocrx_word' id='word_1_37' title='bbox 1095 1211 1165 1261; x_wconf 93' lang='lat' dir='ltr'>non</span> <span class='ocrx_word' id='word_1_38' title='bbox 1192 1196 1326 1285; x_wconf 79' lang='lat' dir='ltr'>potest3</span> <span class='ocrx_word' id='word_1_39' title='bbox 1363 1198 1404 1262; x_wconf 93' lang='lat' dir='ltr'>ut</span> 
     </span>
     <span class='ocr_line' id='line_1_7' title="bbox 243 1328 1404 1425; baseline -0.002 -20"><span class='ocrx_word' id='word_1_40' title='bbox 243 1333 351 1406; x_wconf 91' lang='lat' dir='ltr'>etiam</span> <span class='ocrx_word' id='word_1_41' title='bbox 374 1331 442 1405; x_wconf 91' lang='lat' dir='ltr'>hoe</span> <span class='ocrx_word' id='word_1_42' title='bbox 466 1330 609 1404; x_wconf 91' lang='lat' dir='ltr'>silentio</span> <span class='ocrx_word' id='word_1_43' title='bbox 634 1337 853 1424; x_wconf 87' lang='lat' dir='ltr'>praeteream</span> <span class='ocrx_word' id='word_1_44' title='bbox 877 1328 972 1423; x_wconf 92' lang='lat' dir='ltr'>quod</span> <span class='ocrx_word' id='word_1_45' title='bbox 985 1337 1061 1403; x_wconf 90' lang='lat' dir='ltr'>tum</span> <span class='ocrx_word' id='word_1_46' title='bbox 1075 1329 1140 1403; x_wconf 91' lang='lat' dir='ltr'>illa</span> <span class='ocrx_word' id='word_1_47' title='bbox 1160 1331 1297 1423; x_wconf 91' lang='lat' dir='ltr'>omnia,</span> <span class='ocrx_word' id='word_1_48' title='bbox 1311 1353 1404 1425; x_wconf 90' lang='lat' dir='ltr'>quae</span> 
     </span>
     <span class='ocr_line' id='line_1_8' title="bbox 242 1472 1403 1567; baseline 0 -22"><span class='ocrx_word' id='word_1_49' title='bbox 242 1498 294 1548; x_wconf 86' lang='lat' dir='ltr'>vs.</span> <span class='ocrx_word' id='word_1_50' title='bbox 321 1474 512 1547; x_wconf 78' lang='lat'><strong>212-223</strong></span> <span class='ocrx_word' id='word_1_51' title='bbox 538 1479 749 1563; x_wconf 88' lang='lat' dir='ltr'>narrantur,</span> <span class='ocrx_word' id='word_1_52' title='bbox 777 1472 947 1566; x_wconf 91' lang='lat' dir='ltr'>temporis</span> <span class='ocrx_word' id='word_1_53' title='bbox 972 1473 1088 1567; x_wconf 90' lang='lat' dir='ltr'>spatio</span> <span class='ocrx_word' id='word_1_54' title='bbox 1113 1473 1209 1545; x_wconf 85' lang='lat' dir='ltr'>faeta</span> <span class='ocrx_word' id='word_1_55' title='bbox 1232 1494 1309 1546; x_wconf 91' lang='lat' dir='ltr'>esse</span> <span class='ocrx_word' id='word_1_56' title='bbox 1329 1480 1403 1545; x_wconf 92' lang='lat' dir='ltr'>tam</span> 
     </span>
     <span class='ocr_line' id='line_1_9' title="bbox 243 1611 1402 1709; baseline -0.002 -21"><span class='ocrx_word' id='word_1_57' title='bbox 243 1616 391 1709; x_wconf 86' lang='lat' dir='ltr'>exiguo,</span> <span class='ocrx_word' id='word_1_58' title='bbox 419 1623 459 1688; x_wconf 94' lang='lat' dir='ltr'>ut</span> <span class='ocrx_word' id='word_1_59' title='bbox 484 1636 529 1687; x_wconf 90' lang='lat' dir='ltr'>ne</span> <span class='ocrx_word' id='word_1_60' title='bbox 555 1613 663 1687; x_wconf 90' lang='lat' dir='ltr'>ramis</span> <span class='ocrx_word' id='word_1_61' title='bbox 687 1611 832 1707; x_wconf 88' lang='lat' dir='ltr'>quidem</span> <span class='ocrx_word' id='word_1_62' title='bbox 857 1612 1034 1686; x_wconf 89' lang='lat' dir='ltr'>viridibus</span> <span class='ocrx_word' id='word_1_63' title='bbox 1059 1612 1105 1686; x_wconf 90' lang='lat' dir='ltr'>ad</span> <span class='ocrx_word' id='word_1_64' title='bbox 1125 1613 1402 1687; x_wconf 79' lang='lat' dir='ltr'>exarescendum</span> 
     </span>
     <span class='ocr_line' id='line_1_10' title="bbox 242 1753 1403 1853; baseline 0 -23"><span class='ocrx_word' id='word_1_65' title='bbox 242 1757 330 1830; x_wconf 91' lang='lat' dir='ltr'>satis</span> <span class='ocrx_word' id='word_1_66' title='bbox 362 1756 531 1851; x_wconf 90' lang='lat' dir='ltr'>temporis</span> <span class='ocrx_word' id='word_1_67' title='bbox 565 1754 727 1847; x_wconf 90' lang='lat' dir='ltr'>daretur,</span> <span class='ocrx_word' id='word_1_68' title='bbox 759 1755 838 1828; x_wconf 91' lang='lat' dir='ltr'>iure</span> <span class='ocrx_word' id='word_1_69' title='bbox 872 1754 1044 1828; x_wconf 90' lang='lat' dir='ltr'>miramur</span> <span class='ocrx_word' id='word_1_70' title='bbox 1070 1753 1201 1853; x_wconf 90' lang='lat' dir='ltr'>(nonne</span> <span class='ocrx_word' id='word_1_71' title='bbox 1225 1756 1320 1828; x_wconf 88' lang='lat' dir='ltr'>enim</span> <span class='ocrx_word' id='word_1_72' title='bbox 1344 1779 1403 1830; x_wconf 85' lang='lat' dir='ltr'>ex·</span> 
     </span>
     <span class='ocr_line' id='line_1_11' title="bbox 242 1897 1402 1996; baseline 0 -24"><span class='ocrx_word' id='word_1_73' title='bbox 242 1898 473 1996; x_wconf 88' lang='lat' dir='ltr'>speetandum</span> <span class='ocrx_word' id='word_1_74' title='bbox 498 1906 552 1972; x_wconf 94' lang='lat' dir='ltr'>est</span> <span class='ocrx_word' id='word_1_75' title='bbox 578 1899 673 1990; x_wconf 83' lang='lat' dir='ltr'>sore,</span> <span class='ocrx_word' id='word_1_76' title='bbox 710 1905 750 1972; x_wconf 90' lang='lat' dir='ltr'>ut</span> <span class='ocrx_word' id='word_1_77' title='bbox 774 1897 924 1989; x_wconf 84' lang='lat' dir='ltr'>femina,</span> <span class='ocrx_word' id='word_1_78' title='bbox 952 1898 1117 1992; x_wconf 86' lang='lat' dir='ltr'>quamvis</span> <span class='ocrx_word' id='word_1_79' title='bbox 1142 1898 1243 1971; x_wconf 82' lang='lat' dir='ltr'>varia</span> <span class='ocrx_word' id='word_1_80' title='bbox 1267 1907 1303 1972; x_wconf 92' lang='lat' dir='ltr'>et</span> <span class='ocrx_word' id='word_1_81' title='bbox 1328 1921 1402 1972; x_wconf 92' lang='lat' dir='ltr'>mu·</span> 
     </span>
     <span class='ocr_line' id='line_1_12' title="bbox 242 2038 1402 2137; baseline -0.002 -23"><span class='ocrx_word' id='word_1_82' title='bbox 242 2041 381 2133; x_wconf 77' lang='lat' dir='ltr'>labilis,</span> <span class='ocrx_word' id='word_1_83' title='bbox 416 2040 530 2137; x_wconf 90' lang='lat' dir='ltr'>primo</span> <span class='ocrx_word' id='word_1_84' title='bbox 559 2040 687 2112; x_wconf 90' lang='lat' dir='ltr'>saltem</span> <span class='ocrx_word' id='word_1_85' title='bbox 720 2039 848 2112; x_wconf 89' lang='lat' dir='ltr'>marito</span> <span class='ocrx_word' id='word_1_86' title='bbox 877 2038 1014 2113; x_wconf 92' lang='lat' dir='ltr'>diutius</span> <span class='ocrx_word' id='word_1_87' title='bbox 1039 2039 1252 2134; x_wconf 81' lang='lat' dir='ltr'>indulgeat?</span> <span class='ocrx_word' id='word_1_88' title='bbox 1285 2062 1402 2114; x_wconf 91' lang='lat' dir='ltr'>nonne</span> 
     </span>
     <span class='ocr_line' id='line_1_13' title="bbox 241 2181 1403 2281; baseline 0 -25"><span class='ocrx_word' id='word_1_89' title='bbox 241 2183 417 2257; x_wconf 85' lang='lat' dir='ltr'>humanae</span> <span class='ocrx_word' id='word_1_90' title='bbox 454 2189 604 2256; x_wconf 88' lang='lat' dir='ltr'>naturae</span> <span class='ocrx_word' id='word_1_91' title='bbox 641 2181 708 2255; x_wconf 90' lang='lat' dir='ltr'>hoo</span> <span class='ocrx_word' id='word_1_92' title='bbox 746 2182 862 2276; x_wconf 92' lang='lat' dir='ltr'>magis</span> <span class='ocrx_word' id='word_1_93' title='bbox 900 2191 1174 2256; x_wconf 81' lang='lat' dir='ltr'>consentaneum</span> <span class='ocrx_word' id='word_1_94' title='bbox 1212 2191 1265 2256; x_wconf 90' lang='lat' dir='ltr'>est</span> <span class='ocrx_word' id='word_1_95' title='bbox 1273 2181 1304 2281; x_wconf 75' lang='lat' dir='ltr'>P)</span> <span class='ocrx_word' id='word_1_96' title='bbox 1345 2183 1403 2256; x_wconf 91' lang='lat' dir='ltr'>his</span> 
     </span>
     <span class='ocr_line' id='line_1_14' title="bbox 242 2323 1402 2419; baseline -0.002 -19"><span class='ocrx_word' id='word_1_97' title='bbox 242 2326 406 2400; x_wconf 92' lang='lat' dir='ltr'>omnibus</span> <span class='ocrx_word' id='word_1_98' title='bbox 439 2325 557 2398; x_wconf 90' lang='lat' dir='ltr'>missis</span> <span class='ocrx_word' id='word_1_99' title='bbox 591 2346 701 2398; x_wconf 89' lang='lat' dir='ltr'>unum</span> <span class='ocrx_word' id='word_1_100' title='bbox 734 2323 848 2397; x_wconf 91' lang='lat' dir='ltr'>habeo</span> <span class='ocrx_word' id='word_1_101' title='bbox 881 2332 1149 2419; x_wconf 83' lang='lat' dir='ltr'>argumentum,</span> <span class='ocrx_word' id='word_1_102' title='bbox 1189 2347 1260 2419; x_wconf 91' lang='lat' dir='ltr'>qno</span> <span class='ocrx_word' id='word_1_103' title='bbox 1293 2324 1402 2399; x_wconf 91' lang='lat' dir='ltr'>huius</span> 
     </span>
     <span class='ocr_line' id='line_1_15' title="bbox 241 2465 1188 2562; baseline -0.002 -22"><span class='ocrx_word' id='word_1_104' title='bbox 241 2466 545 2562; x_wconf 80' lang='lat' dir='ltr'>interpretationis</span> <span class='ocrx_word' id='word_1_105' title='bbox 569 2465 712 2562; x_wconf 88' lang='lat' dir='ltr'>penitus</span> <span class='ocrx_word' id='word_1_106' title='bbox 736 2474 883 2539; x_wconf 89' lang='lat' dir='ltr'>eruatur</span> <span class='ocrx_word' id='word_1_107' title='bbox 908 2465 1188 2540; x_wconf 88' lang='lat' dir='ltr'>fundamentum.</span> 
     </span>
    </p>

    <p class='ocr_par' dir='ltr' id='par_1_4' title="bbox 239 2607 1400 3845">
     <span class='ocr_line' id='line_1_16' title="bbox 289 2607 1400 2702; baseline -0.001 -20"><span class='ocrx_word' id='word_1_108' title='bbox 289 2608 439 2682; x_wconf 83' lang='lat' dir='ltr'>Femina</span> <span class='ocrx_word' id='word_1_109' title='bbox 464 2608 592 2681; x_wconf 90' lang='lat' dir='ltr'>marito</span> <span class='ocrx_word' id='word_1_110' title='bbox 619 2608 761 2700; x_wconf 90' lang='lat' dir='ltr'>relioto,</span> <span class='ocrx_word' id='word_1_111' title='bbox 788 2608 952 2681; x_wconf 88' lang='lat' dir='ltr'>domibus</span> <span class='ocrx_word' id='word_1_112' title='bbox 976 2608 1204 2702; x_wconf 85' lang='lat' dir='ltr'>permutatis,</span> <span class='ocrx_word' id='word_1_113' title='bbox 1227 2607 1400 2682; x_wconf 90' lang='lat' dir='ltr'>flammeis</span> 
     </span>
     <span class='ocr_line' id='line_1_17' title="bbox 241 2749 1398 2845; baseline -0.001 -20"><span class='ocrx_word' id='word_1_114' title='bbox 241 2751 403 2825; x_wconf 78' lang='lat' dir='ltr'>contritis</span> <span class='ocrx_word' id='word_1_115' title='bbox 436 2749 580 2824; x_wconf 92' lang='lat' dir='ltr'>tandem</span> <span class='ocrx_word' id='word_1_116' title='bbox 613 2749 807 2844; x_wconf 87' lang='lat' dir='ltr'>aliquando</span> <span class='ocrx_word' id='word_1_117' title='bbox 840 2749 886 2823; x_wconf 88' lang='lat' dir='ltr'>ad</span> <span class='ocrx_word' id='word_1_118' title='bbox 910 2749 1063 2845; x_wconf 91' lang='lat' dir='ltr'>primum</span> <span class='ocrx_word' id='word_1_119' title='bbox 1089 2750 1206 2824; x_wconf 89' lang='lat' dir='ltr'>virum</span> <span class='ocrx_word' id='word_1_120' title='bbox 1231 2750 1398 2824; x_wconf 90' lang='lat' dir='ltr'>redierat.</span> 
     </span>
     <span class='ocr_line' id='line_1_18' title="bbox 240 2891 1398 2989; baseline 0 -23"><span class='ocrx_word' id='word_1_121' title='bbox 240 2893 340 2989; x_wconf 84' lang='lat' dir='ltr'>Ergo</span> <span class='ocrx_word' id='word_1_122' title='bbox 377 2892 541 2967; x_wconf 89' lang='lat' dir='ltr'>domibus</span> <span class='ocrx_word' id='word_1_123' title='bbox 578 2891 821 2988; x_wconf 85' lang='lat' dir='ltr'>permutandis</span> <span class='ocrx_word' id='word_1_124' title='bbox 859 2891 942 2965; x_wconf 90' lang='lat' dir='ltr'>finis</span> <span class='ocrx_word' id='word_1_125' title='bbox 975 2891 1163 2988; x_wconf 93' lang='lat' dir='ltr'>impositus</span> <span class='ocrx_word' id='word_1_126' title='bbox 1195 2900 1259 2966; x_wconf 92' lang='lat' dir='ltr'>est.</span> <span class='ocrx_word' id='word_1_127' title='bbox 1300 2891 1398 2983; x_wconf 76' lang='lat' dir='ltr'>Quid</span> 
     </span>
     <span class='ocr_line' id='line_1_19' title="bbox 240 3031 1398 3131; baseline -0.002 -23"><span class='ocrx_word' id='word_1_128' title='bbox 240 3043 360 3110; x_wconf 93' lang='lat' dir='ltr'>autem</span> <span class='ocrx_word' id='word_1_129' title='bbox 383 3033 570 3131; x_wconf 84' lang='lat' dir='ltr'>sequitur?</span> <span class='ocrx_word' id='word_1_130' title='bbox 598 3032 681 3130; x_wconf 75' lang='lat' dir='ltr'>,sio</span> <span class='ocrx_word' id='word_1_131' title='bbox 702 3034 828 3108; x_wconf 89' lang='lat' dir='ltr'>oreseit</span> <span class='ocrx_word' id='word_1_132' title='bbox 842 3032 1045 3108; x_wconf 88' lang='lat' dir='ltr'>numerus.’&#39;</span> <span class='ocrx_word' id='word_1_133' title='bbox 1072 3031 1175 3108; x_wconf 87' lang='lat' dir='ltr'>Haeo</span> <span class='ocrx_word' id='word_1_134' title='bbox 1187 3035 1296 3108; x_wconf 91' lang='lat' dir='ltr'>verba</span> <span class='ocrx_word' id='word_1_135' title='bbox 1317 3056 1398 3108; x_wconf 90' lang='lat' dir='ltr'>eum</span> 
     </span>
     <span class='ocr_line' id='line_1_20' title="bbox 240 3175 1398 3271; baseline 0.001 -21"><span class='ocrx_word' id='word_1_136' title='bbox 240 3177 438 3252; x_wconf 89' lang='lat' dir='ltr'>neeessario</span> <span class='ocrx_word' id='word_1_137' title='bbox 474 3175 520 3250; x_wconf 92' lang='lat' dir='ltr'>ad</span> <span class='ocrx_word' id='word_1_138' title='bbox 554 3199 678 3251; x_wconf 88' lang='lat' dir='ltr'>versus</span> <span class='ocrx_word' id='word_1_139' title='bbox 712 3175 963 3271; x_wconf 78' lang='lat' dir='ltr'>praecedentes</span> <span class='ocrx_word' id='word_1_140' title='bbox 997 3177 1122 3248; x_wconf 86' lang='lat' dir='ltr'>referri</span> <span class='ocrx_word' id='word_1_141' title='bbox 1155 3175 1325 3269; x_wconf 90' lang='lat' dir='ltr'>debeant,</span> <span class='ocrx_word' id='word_1_142' title='bbox 1360 3179 1398 3251; x_wconf 93' lang='lat' dir='ltr'>in</span> 
     </span>
     <span class='ocr_line' id='line_1_21' title="bbox 239 3318 1398 3414; baseline -0.002 -21"><span class='ocrx_word' id='word_1_143' title='bbox 239 3321 303 3394; x_wconf 93' lang='lat' dir='ltr'>illo</span> <span class='ocrx_word' id='word_1_144' title='bbox 341 3321 598 3395; x_wconf 89' lang='lat' dir='ltr'>sententiarum</span> <span class='ocrx_word' id='word_1_145' title='bbox 633 3342 728 3393; x_wconf 87' lang='lat' dir='ltr'>nexu</span> <span class='ocrx_word' id='word_1_146' title='bbox 762 3319 848 3392; x_wconf 89' lang='lat' dir='ltr'>ferri</span> <span class='ocrx_word' id='word_1_147' title='bbox 882 3342 952 3392; x_wconf 93' lang='lat' dir='ltr'>non</span> <span class='ocrx_word' id='word_1_148' title='bbox 986 3326 1143 3414; x_wconf 88' lang='lat' dir='ltr'>possunt.</span> <span class='ocrx_word' id='word_1_149' title='bbox 1187 3318 1269 3393; x_wconf 89' lang='lat' dir='ltr'>Non</span> <span class='ocrx_word' id='word_1_150' title='bbox 1303 3320 1398 3393; x_wconf 93' lang='lat' dir='ltr'>enim</span> 
     </span>
     <span class='ocr_line' id='line_1_22' title="bbox 240 3460 1397 3559; baseline 0 -23"><span class='ocrx_word' id='word_1_151' title='bbox 240 3463 394 3558; x_wconf 86' lang='lat' dir='ltr'>vestigia</span> <span class='ocrx_word' id='word_1_152' title='bbox 425 3462 536 3559; x_wconf 91' lang='lat' dir='ltr'>spreti</span> <span class='ocrx_word' id='word_1_153' title='bbox 563 3461 648 3535; x_wconf 88' lang='lat' dir='ltr'>leoti</span> <span class='ocrx_word' id='word_1_154' title='bbox 674 3460 882 3557; x_wconf 87' lang='lat' dir='ltr'>repetendo,</span> <span class='ocrx_word' id='word_1_155' title='bbox 910 3460 972 3535; x_wconf 88' lang='lat' dir='ltr'>sed</span> <span class='ocrx_word' id='word_1_156' title='bbox 996 3460 1160 3534; x_wconf 89' lang='lat' dir='ltr'>flammea</span> <span class='ocrx_word' id='word_1_157' title='bbox 1184 3461 1397 3537; x_wconf 91' lang='lat' dir='ltr'>oonterendo</span> 
     </span>
     <span class='ocr_line' id='line_1_23' title="bbox 240 3601 1398 3702; baseline -0.001 -24"><span class='ocrx_word' id='word_1_158' title='bbox 240 3605 431 3701; x_wconf 88' lang='lat' dir='ltr'>domosque</span> <span class='ocrx_word' id='word_1_159' title='bbox 456 3603 692 3702; x_wconf 92' lang='lat' dir='ltr'>permutando</span> <span class='ocrx_word' id='word_1_160' title='bbox 713 3626 882 3678; x_wconf 90' lang='lat' dir='ltr'>numerus</span> <span class='ocrx_word' id='word_1_161' title='bbox 895 3604 1032 3678; x_wconf 89' lang='lat' dir='ltr'>oresoit.</span> <span class='ocrx_word' id='word_1_162' title='bbox 1060 3601 1165 3693; x_wconf 79' lang='lat' dir='ltr'>Quod</span> <span class='ocrx_word' id='word_1_163' title='bbox 1178 3626 1259 3678; x_wconf 90' lang='lat' dir='ltr'>eum</span> <span class='ocrx_word' id='word_1_164' title='bbox 1272 3605 1398 3700; x_wconf 89' lang='lat' dir='ltr'>negari</span> 
     </span>
     <span class='ocr_line' id='line_1_24' title="bbox 240 3746 1396 3845; baseline 0 -25"><span class='ocrx_word' id='word_1_165' title='bbox 240 3770 311 3822; x_wconf 93' lang='lat' dir='ltr'>non</span> <span class='ocrx_word' id='word_1_166' title='bbox 343 3748 472 3845; x_wconf 89' lang='lat' dir='ltr'>possit,</span> <span class='ocrx_word' id='word_1_167' title='bbox 511 3769 653 3821; x_wconf 87' lang='lat' dir='ltr'>neeesse</span> <span class='ocrx_word' id='word_1_168' title='bbox 687 3768 763 3820; x_wconf 89' lang='lat' dir='ltr'>esse</span> <span class='ocrx_word' id='word_1_169' title='bbox 795 3769 858 3841; x_wconf 92' lang='lat' dir='ltr'>pro</span> <span class='ocrx_word' id='word_1_170' title='bbox 892 3753 989 3820; x_wconf 86' lang='lat' dir='ltr'>oerto</span> <span class='ocrx_word' id='word_1_171' title='bbox 1012 3746 1220 3837; x_wconf 87' lang='lat' dir='ltr'>statuimus,</span> <span class='ocrx_word' id='word_1_172' title='bbox 1247 3753 1287 3819; x_wconf 91' lang='lat' dir='ltr'>ut</span> <span class='ocrx_word' id='word_1_173' title='bbox 1314 3754 1396 3820; x_wconf 91' lang='lat' dir='ltr'>ante</span> 
     </span>
    </p>
   </div>
   <div class='ocr_carea' id='block_1_3' title="bbox 152 3879 1396 3983">
    <p class='ocr_par' dir='ltr' id='par_1_5' title="bbox 152 3879 1396 3983">
     <span class='ocr_line' id='line_1_25' title="bbox 152 3879 1396 3983; baseline -0.003 -19"><span class='ocrx_word' id='word_1_174' title='bbox 152 3879 157 3887; x_wconf 73' lang='grc'>’</span> <span class='ocrx_word' id='word_1_175' title='bbox 239 3890 304 3964; x_wconf 90' lang='lat' dir='ltr'>illa</span> <span class='ocrx_word' id='word_1_176' title='bbox 336 3890 446 3963; x_wconf 89' lang='lat' dir='ltr'>verba</span> <span class='ocrx_word' id='word_1_177' title='bbox 480 3889 554 3983; x_wconf 81' lang='lat' dir='ltr'>„sio</span> <span class='ocrx_word' id='word_1_178' title='bbox 586 3888 713 3962; x_wconf 87' lang='lat' dir='ltr'>eresoit</span> <span class='ocrx_word' id='word_1_179' title='bbox 746 3887 936 3962; x_wconf 81' lang='lat' dir='ltr'>numerus’&#39;</span> <span class='ocrx_word' id='word_1_180' title='bbox 973 3909 1097 3960; x_wconf 89' lang='lat' dir='ltr'>versus</span> <span class='ocrx_word' id='word_1_181' title='bbox 1120 3895 1289 3983; x_wconf 89' lang='lat' dir='ltr'>ponatur,</span> <span class='ocrx_word' id='word_1_182' title='bbox 1324 3909 1396 3981; x_wconf 92' lang='lat' dir='ltr'>quo</span> 
     </span>
    </p>
   </div>
   <div class='ocr_carea' id='block_1_4' title="bbox 239 4030 1395 4696">
    <p class='ocr_par' dir='ltr' id='par_1_6' title="bbox 239 4030 1395 4410">
     <span class='ocr_line' id='line_1_26' title="bbox 239 4030 1393 4127; baseline -0.003 -21"><span class='ocrx_word' id='word_1_183' title='bbox 239 4031 460 4127; x_wconf 83' lang='lat' dir='ltr'>signifioetur</span> <span class='ocrx_word' id='word_1_184' title='bbox 499 4030 640 4104; x_wconf 89' lang='lat' dir='ltr'>domum</span> <span class='ocrx_word' id='word_1_185' title='bbox 675 4030 795 4104; x_wconf 91' lang='lat' dir='ltr'>mariti</span> <span class='ocrx_word' id='word_1_186' title='bbox 831 4031 973 4102; x_wconf 65' lang='lat' dir='ltr'>rolatum</span> <span class='ocrx_word' id='word_1_187' title='bbox 1006 4053 1077 4103; x_wconf 91' lang='lat' dir='ltr'>non</span> <span class='ocrx_word' id='word_1_188' title='bbox 1111 4031 1273 4126; x_wconf 81' lang='lat' dir='ltr'>repetitam</span> <span class='ocrx_word' id='word_1_189' title='bbox 1307 4052 1393 4103; x_wconf 89' lang='lat' dir='ltr'>esse.</span> 
     </span>
     <span class='ocr_line' id='line_1_27' title="bbox 239 4170 1395 4268; baseline -0.003 -21"><span class='ocrx_word' id='word_1_190' title='bbox 239 4172 283 4247; x_wconf 91' lang='lat' dir='ltr'>Id</span> <span class='ocrx_word' id='word_1_191' title='bbox 316 4196 397 4249; x_wconf 88' lang='lat' dir='ltr'>eum</span> <span class='ocrx_word' id='word_1_192' title='bbox 420 4171 598 4247; x_wconf 90' lang='lat' dir='ltr'>indioetur</span> <span class='ocrx_word' id='word_1_193' title='bbox 630 4195 682 4245; x_wconf 89' lang='lat' dir='ltr'>vs.</span> <span class='ocrx_word' id='word_1_194' title='bbox 713 4172 923 4265; x_wconf 71' lang='lat' dir='ltr'>unt-228,</span> <span class='ocrx_word' id='word_1_195' title='bbox 950 4170 1028 4243; x_wconf 89' lang='lat' dir='ltr'>fieri</span> <span class='ocrx_word' id='word_1_196' title='bbox 1054 4194 1125 4244; x_wconf 93' lang='lat' dir='ltr'>non</span> <span class='ocrx_word' id='word_1_197' title='bbox 1150 4179 1265 4268; x_wconf 88' lang='lat' dir='ltr'>potest</span> <span class='ocrx_word' id='word_1_198' title='bbox 1291 4180 1331 4245; x_wconf 90' lang='lat' dir='ltr'>ut</span> <span class='ocrx_word' id='word_1_199' title='bbox 1356 4171 1395 4244; x_wconf 92' lang='lat' dir='ltr'>hi</span> 
     </span>
     <span class='ocr_line' id='line_1_28' title="bbox 240 4313 853 4410; baseline 0 -23"><span class='ocrx_word' id='word_1_200' title='bbox 240 4338 363 4390; x_wconf 89' lang='lat' dir='ltr'>versus</span> <span class='ocrx_word' id='word_1_201' title='bbox 390 4339 412 4389; x_wconf 89' lang='lat' dir='ltr'>a</span> <span class='ocrx_word' id='word_1_202' title='bbox 435 4314 599 4410; x_wconf 90' lang='lat' dir='ltr'>sequenti</span> <span class='ocrx_word' id='word_1_203' title='bbox 623 4313 853 4387; x_wconf 89' lang='lat' dir='ltr'>divellantur.</span> 
     </span>
    </p>

    <p class='ocr_par' dir='ltr' id='par_1_7' title="bbox 242 4455 1393 4696">
     <span class='ocr_line' id='line_1_29' title="bbox 289 4455 1392 4552; baseline -0.001 -21"><span class='ocrx_word' id='word_1_204' title='bbox 289 4457 392 4548; x_wconf 78' lang='lat' dir='ltr'>Quod</span> <span class='ocrx_word' id='word_1_205' title='bbox 430 4457 519 4531; x_wconf 89' lang='lat' dir='ltr'>dieit</span> <span class='ocrx_word' id='word_1_206' title='bbox 555 4455 714 4530; x_wconf 89' lang='lat' dir='ltr'>Kiaerus</span> <span class='ocrx_word' id='word_1_207' title='bbox 751 4456 895 4530; x_wconf 89' lang='lat' dir='ltr'>illarum</span> <span class='ocrx_word' id='word_1_208' title='bbox 932 4455 1124 4529; x_wconf 88' lang='lat' dir='ltr'>alterarum</span> <span class='ocrx_word' id='word_1_209' title='bbox 1160 4478 1241 4530; x_wconf 88' lang='lat' dir='ltr'>enm</span> <span class='ocrx_word' id='word_1_210' title='bbox 1278 4456 1392 4552; x_wconf 90' lang='lat' dir='ltr'>primo</span> 
     </span>
     <span class='ocr_line' id='line_1_30' title="bbox 242 4596 1393 4696; baseline 0 -23"><span class='ocrx_word' id='word_1_211' title='bbox 242 4600 320 4673; x_wconf 89' lang='lat' dir='ltr'>viro</span> <span class='ocrx_word' id='word_1_212' title='bbox 344 4601 550 4696; x_wconf 89' lang='lat' dir='ltr'>nuptiarum</span> <span class='ocrx_word' id='word_1_213' title='bbox 576 4598 937 4673; x_wconf 78' lang='lat' dir='ltr'>commemorationem</span> <span class='ocrx_word' id='word_1_214' title='bbox 963 4596 1145 4671; x_wconf 88' lang='lat' dir='ltr'>molestam</span> <span class='ocrx_word' id='word_1_215' title='bbox 1170 4621 1263 4691; x_wconf 92' lang='lat' dir='ltr'>esse,</span> <span class='ocrx_word' id='word_1_216' title='bbox 1290 4601 1393 4694; x_wconf 91' lang='lat' dir='ltr'>parvi</span> 
     </span>
    </p>
   </div>
   <div class='ocr_carea' id='block_1_5' title="bbox 0 0 1654 5474">
    <p class='ocr_par' dir='ltr' id='par_1_8' title="bbox 0 0 1654 5474">
     <span class='ocr_line' id='line_1_31' title="bbox 0 0 1654 5474; baseline 0 2"><span class='ocrx_word' id='word_1_217' title='bbox 0 0 1654 5474; x_wconf 95' lang='lat' dir='ltr'> </span> 
     </span>
    </p>
   </div>
  </div>
 </body>
</html>
