3300 5474
808 434 849 493 55

247 622 385 719 nuptiis
415 644 497 696 oum
526 621 641 718 primo
667 620 812 713 marit03
849 621 912 695 alii
938 643 1019 695 eum
1045 623 1114 695 226
1141 621 1340 716 cogitantes
1364 621 1409 695 de

246 764 382 838 alteris.

296 904 371 997 Qui
407 928 468 980 eos
503 927 585 979 oum
622 927 674 977 vs.
710 905 781 977 225
814 904 972 999 iungunt
1005 905 1063 977 vel
1096 927 1138 978 eo
1171 927 1290 978 errare
1320 906 1408 978 mihi

247 1048 432 1135 videntur,
457 1047 555 1143 quod
579 1055 702 1142 poeta,
729 1069 810 1120 oum
837 1069 984 1120 uxorem
1008 1046 1055 1120 ad
1068 1047 1222 1142 primum
1241 1047 1408 1121 maritum

244 1191 319 1264 iam
342 1190 492 1265 rediisse
516 1190 708 1284 orbemque
733 1189 785 1262 ita
809 1189 990 1284 peregisse
1015 1190 1164 1280 dixerit,
1192 1190 1409 1264 nullomodo

245 1333 293 1407 ad
316 1333 438 1430 priora
461 1333 575 1407 relabi
602 1339 728 1427 potest.
759 1330 837 1405 Hoe
863 1332 958 1404 enim
983 1340 1109 1426 poetae
1134 1332 1325 1407 obtrudere
1338 1356 1409 1406 non

244 1475 331 1549 lieet
339 1530 354 1587 ,Ι
382 1474 479 1569 quod
512 1496 594 1548 eum
626 1473 715 1547 anili
743 1472 959 1567 loquacitate
984 1496 1080 1547 nuno
1104 1473 1174 1547 huo
1200 1496 1295 1549 nune
1320 1475 1408 1548 illue

242 1615 372 1709 saliat,
406 1638 503 1690 nuno
536 1616 582 1690 ad
615 1637 747 1689 novum
777 1622 1027 1709 argumentum
1054 1624 1216 1711 properet
1231 1639 1338 1690 mnne
1362 1616 1408 1690 ad

243 1766 369 1832 vetera
402 1756 548 1833 residat.
591 1756 744 1852 Insuper
778 1757 809 1830 si
844 1756 935 1829 illud
969 1757 1158 1850 voluisset,
1193 1781 1310 1832 nonne
1344 1783 1408 1855 pro

244 1898 426 1995 „linquis”
453 1900 629 1996 posuisset
656 1898 807 1993 „liquit”
836 1899 891 1972 vel
921 1898 1157 1993 „linquens’'?
1183 1899 1294 1974 Porro
1307 1901 1407 1975 aliud

240 2048 496 2137 argumentum
519 2047 656 2131 exstat,
683 2039 796 2135 quod,
825 2063 906 2114 eum
931 2049 967 2114 et
992 2042 1030 2114 in
1055 2064 1154 2132 eum,
1181 2042 1244 2136 qui
1256 2043 1406 2116 alteram

90 2252 94 2257 .
240 2184 407 2278 sequitur
431 2182 778 2278 interpretationem,
805 2184 942 2273 valeat,
970 2206 1052 2256 mox
1078 2184 1233 2257 afferam.

295 2323 367 2399 Hie
396 2332 534 2415 antem,
570 2322 746 2397 Kiaernm
781 2324 878 2415 dieo,
922 2325 959 2396 in
993 2325 1086 2398 libro
1119 2347 1224 2419 quem
1261 2325 1404 2421 soripsit

239 2467 290 2541 de
313 2488 474 2540 sermone
498 2465 700 2557 Iuvenalis,
728 2490 761 2562 p.
789 2470 877 2557 164,
905 2466 970 2540 hos
983 2489 1107 2541 versus
1124 2467 1310 2561 coniungit
1323 2490 1403 2541 eum

238 2631 296 2682 vs
311 2610 400 2702 224,
414 2630 544 2703 eosque
557 2607 837 2702 transponendos
859 2630 935 2681 esse
948 2616 1067 2681 censet
1079 2616 1116 2681 et
1128 2608 1181 2682 sie
1192 2608 1401 2702 legendum:

317 2890 475 2987 Imperat
499 2912 585 2986 ergo
611 2891 688 2964 viro
712 2889 775 2964 sed
802 2914 884 2966 mox
910 2891 998 2965 haee
1022 2913 1134 2986 regna
1158 2891 1339 2985 relinquit.

317 3040 461 3107 ornatas
484 3034 592 3129 paulo
617 3041 700 3107 ante
724 3035 836 3125 fores,
865 3032 1055 3129 pendentia
1079 3032 1212 3127 linquit

318 3175 399 3248 vela
420 3174 548 3249 domus
572 3182 608 3247 et
632 3174 750 3249 adhue
775 3175 907 3249 virides
931 3175 970 3249 in
995 3175 1118 3248 limine
1144 3199 1277 3269 ramos,

317 3324 566 3414 permutatque
589 3316 712 3391 domos
732 3326 768 3390 et
792 3316 954 3391 flammea
979 3318 1148 3410 conterit,
1175 3316 1276 3391 inde·

317 3460 438 3535 avolat
462 3468 499 3533 et
523 3458 634 3556 spreti
659 3459 787 3555 repetit
812 3459 965 3554 vestigia
989 3459 1085 3534 loeti.

294 3739 395 3817 Haeo
427 3741 537 3816 verba
570 3739 689 3814 addit:
727 3763 820 3835 „qua
845 3764 1013 3816 versuum
1043 3742 1293 3818 distributione
1318 3746 1399 3819 sno

239 3884 372 3960 stituta
406 3905 498 3958 uxor
531 3883 640 3957 semel
673 3882 817 3957 domum
850 3883 919 3956 viri
942 3884 1161 3979 relinquere,
1188 3893 1295 3980 atque
1319 3896 1399 3983 post

90 4032 93 4036 ’
241 4025 364 4100 varias
396 4025 540 4122 nuptias
573 4025 726 4121 primum
759 4024 1023 4100 matrimonium
1056 4035 1215 4123 repetere
1247 4011 1397 4123 dieitur,

240 4175 281 4242 st
305 4166 453 4241 molesta
476 4166 669 4240 alterarum
694 4188 774 4239 oum
800 4165 914 4262 primo
939 4166 1016 4240 viro
1040 4168 1247 4265 nuptiarum
1267 4170 1398 4245 eelebri

241 4312 335 4384 festo
358 4317 518 4384 aeorum
543 4307 826 4383 commemoratio
850 4309 1000 4383 tollitur.
1029 4308 1155 4385 Oratio
1180 4310 1338 4386 deeurrit
1362 4320 1398 4420 et

240 4453 410 4527 iunotnra
449 4472 617 4525 versuum
644 4449 684 4524 ‚ei
716 4449 903 4525 iuneturae
934 4473 1027 4546 quae
1059 4452 1155 4549 apud
1187 4452 1395 4528 Iuvenalem

241 4593 406 4689 vulgaris
430 4600 483 4667 est
509 4591 730 4688 respondet.''
