3300 5474
635 912 1023 988 SATURAVI.

724 1208 783 1268 Vs.
807 1210 932 1268 11-13.

330 1484 472 1580 Quippe
505 1484 610 1557 aliter
643 1493 729 1557 tuno
761 1486 846 1559 orbe
875 1508 967 1558 novo
992 1487 1161 1581 coeloque
1189 1488 1322 1560 recenti

330 1629 499 1700 vivebant
524 1627 701 1716 homines,
729 1628 793 1720 qui
818 1635 923 1723 rupto
949 1629 1075 1702 robore
1101 1629 1177 1702 uati

327 1771 584 1865 compositique
609 1771 686 1844 luto
711 1771 829 1845 nullos
853 1770 1011 1844 habuere
1037 1779 1212 1866 parentes.

291 2010 473 2085 Suboltius
486 2009 511 2108 ¹)
540 2011 628 2085 haee
654 2010 856 2084 adnotavit:
895 2012 955 2105 „in
980 2011 1037 2084 his
1059 2012 1179 2085 verbis
1206 2010 1327 2109 (rupto
1355 2036 1408 2085 ro-

242 2156 327 2230 bore
360 2152 450 2251 nati)
487 2153 633 2248 aliquod
667 2155 796 2227 vitium
828 2155 941 2227 latere
974 2162 1079 2249 puto;
1116 2177 1187 2228 uon
1212 2155 1308 2249 quod
1335 2179 1406 2229 nou

240 2299 378 2394 possint
402 2297 631 2390 aliquatenus
655 2297 847 2391 explicari,
882 2295 945 2369 sed
970 2296 1057 2390 quia
1082 2297 1191 2370 miror
1215 2296 1312 2392 quod
1339 2298 1407 2371 hoo

240 2443 318 2515 loeo
351 2441 453 2513 nulla
486 2440 618 2512 mentio
651 2438 693 2512 fit
726 2439 826 2512 illius
859 2440 1017 2513 omnium
1050 2440 1264 2513 nobilissimi
1291 2440 1407 2537 mythi

241 2607 285 2656 ex
310 2605 381 2677 quo
406 2582 567 2656 homines
593 2604 637 2654 ex
663 2603 751 2655 saxo
774 2582 850 2654 nati
871 2582 953 2655 sint.
983 2581 1123 2656 Dubito
1146 2582 1259 2676 igitur
1285 2591 1406 2656 utrum

240 2724 468 2800 scribendum
494 2725 558 2798 sit:
593 2750 672 2821 rupe
696 2736 725 2798 et
750 2725 860 2798 robore
885 2748 931 2797 an
956 2749 1035 2820 rupe
1059 2736 1114 2797 out
1140 2725 1284 2798 robore.’'

288 2868 380 2941 Tres
421 2867 547 2941 laudat
588 2868 703 2959 loeos,
748 2867 811 2940 ubi
844 2875 880 2939 et
917 2866 961 2940 de
999 2889 1087 2940 saxo
1124 2875 1160 2940 et
1199 2867 1242 2940 de
1280 2869 1408 2942 robore

238 3012 399 3085 homines
437 3011 513 3082 nati
546 3032 623 3082 esse
653 3008 832 3083 dicuntur.
869 3007 1037 3103 Denique
1062 3010 1240 3084 auxilinm
1267 3011 1408 3105 petita

241 3153 388 3227 voeibus
412 3174 505 3245 quae
530 3160 614 3224 sunt
642 3151 826 3246 „rupious”
854 3160 890 3224 et
917 3150 1138 3247 „petrones”

288 3294 504 3389 Quanquam
541 3303 595 3367 est
632 3295 856 3368 notissimum
892 3293 1053 3368 homines
1091 3318 1114 3368 a
1147 3296 1261 3390 poetis
1303 3305 1407 3370 natos

237 3461 315 3511 esse
339 3436 411 3510 diui
437 3460 456 3510 e
481 3460 568 3510 saxo
594 3444 630 3508 et
655 3459 675 3509 e
701 3437 844 3526 robore,
876 3445 996 3509 tamen
1022 3435 1173 3511 Soholtii
1200 3438 1405 3511 coniectura

237 3604 308 3654 non
334 3579 532 3674 probabilis
557 3578 645 3650 mihi
671 3601 748 3651 esse
774 3577 929 3653 videtur.

286 3723 373 3796 Alia
405 3745 462 3794 res
495 3729 588 3794 esset
613 3721 644 3794 si
670 3722 854 3816 probasset
879 3722 945 3794 has
970 3723 1132 3795 notiones
1159 3745 1297 3818 semper
1323 3747 1403 3797 oon-

236 3867 377 3941 iunotas
416 3856 575 3959 reperiri.
624 3862 703 3937 Hoo
740 3872 860 3938 antem
898 3887 969 3938 non
1007 3866 1092 3939 fecit
1132 3888 1247 3959 neque
1286 3867 1403 3940 facere

236 4009 363 4104 potuit.
404 4006 498 4080 Nam
538 4015 573 4079 et
613 4004 801 4100 Vergilius
839 4006 883 4079 de
921 4007 1048 4080 robore
1078 4016 1216 4082 tantum
1241 4010 1403 4103 loquitur

236 4150 326 4224 Aen.
367 4148 462 4222 VIII
500 4173 550 4222 vs.
591 4151 680 4222 315:
722 4172 904 4244 „gensque
943 4150 1060 4224 virum
1085 4154 1223 4227 truncis
1249 4162 1285 4226 et
1310 4153 1401 4228 duro

236 4294 363 4367 robore
388 4291 507 4382 nata''‚
535 4293 598 4365 ubi
624 4291 667 4364 de
693 4291 816 4365 eadem
841 4301 948 4386 gente
975 4294 1132 4368 virorum
1148 4293 1304 4368 Saturno
1318 4319 1403 4390 rege

238 4519 396 4527 ...υ-

281 4649 386 4726 ι)1.1.
409 4669 476 4728 pag.
499 4652 547 4708 46.
