3300 5474
805 450 844 510 27

297 641 405 740 (anne
430 639 530 715 aliud
555 649 642 715 tunc
668 637 864 736 praefecti?
889 660 1042 732 quorum
1068 637 1223 733 optimus
1248 633 1370 733 atque)

288 785 467 880 interpres
492 785 613 878 legum
638 781 903 867 sanctissimus,
932 780 1051 853 omnia
1074 801 1280 874 quanquam

289 928 511 1024 temporibus
535 925 625 1000 diris
651 924 840 999 tractanda
864 924 1014 1021 putabat
1040 924 1168 997 inermi

288 1069 440 1144 iustitia.

289 1300 402 1375 Facio
435 1322 516 1374 eum
554 1298 764 1373 Heinrichio
778 1296 803 1395 ¹)
840 1296 1042 1371 Ribbeckio
1074 1297 1157 1370 aliis
1191 1319 1332 1371 versum
1364 1300 1409 1371 78

241 1442 504 1517 damnantibus.
532 1441 712 1515 Debilitat
738 1442 833 1514 enim
859 1439 932 1512 vim
954 1439 1151 1513 sententiae
1164 1439 1409 1535 praecedentis

239 1595 275 1660 et
325 1583 453 1659 duram
500 1584 608 1658 efficit
645 1583 845 1657 sententiae
884 1583 1058 1656 relativae
1096 1584 1406 1657 constructionem.

241 1727 393 1824 Insuper
432 1727 530 1801 notio
569 1726 758 1821 probitatis
795 1748 889 1820 quae
922 1721 1148 1816 significatur
1182 1749 1267 1800 voce
1299 1726 1410 1822 „opti-

240 1868 342 1944 mus”
381 1869 453 1942 iam
487 1869 580 1941 inest
615 1868 724 1941 verbo
758 1866 854 1962 quod
879 1877 932 1941 est
960 1867 1262 1961 „sanctissimus”
1313 1869 1409 1944 Tum

240 2012 351 2085 verba
386 2011 585 2107 „interpres
618 2008 887 2084 sanctissimus’'
922 2017 1005 2106 apte
1038 2010 1253 2105 respondent
1290 2012 1410 2087 verbis

241 2153 391 2247 „inermi
426 2151 588 2227 iustitia’'
622 2150 902 2250 (animadvertas
928 2153 1036 2226 velim
1058 2160 1199 2248 poetam
1224 2153 1408 2249 scripsisse
1467 2226 1468 2230 ,

243 2294 518 2392 „interpretem”
554 2318 624 2369 non
661 2293 883 2389 „vindicem”
912 2293 1047 2392 legum)
1076 2294 1172 2389 quod
1198 2295 1306 2369 etiam
1332 2321 1409 2393 pro

241 2441 348 2514 batur
374 2440 564 2513 verborum
591 2438 746 2533 positus,
775 2461 856 2511 nam
881 2462 904 2511 a
930 2446 1035 2534 poeta
1061 2439 1171 2512 verba
1195 2440 1338 2534 saepius
1357 2441 1410 2514 ita

241 2581 509 2656 distribuuntur
543 2591 584 2655 ut
609 2582 846 2655 membrorum
871 2603 964 2676 qnae
989 2581 1060 2655 sibi
1086 2581 1299 2676 respondent
1324 2584 1410 2656 alte

241 2747 320 2798 rum
367 2715 497 2818 prioris
545 2745 669 2797 versus
716 2723 869 2818 primum
914 2723 1033 2796 locum
1071 2731 1207 2815 teneat,
1255 2726 1409 2799 alterum

239 2865 422 2961 sequentis
448 2866 629 2939 ultimum.
657 2863 789 2938 Confer
815 2863 889 2938 Sat.
918 2864 937 2936 I
966 2867 1033 2938 151
1057 2887 1150 2959 sqq.:

943 3060 1038 3134 unde
1063 3061 1129 3134 illa
1152 3061 1310 3156 priorum

363 3203 542 3278 scribendi
567 3203 818 3298 quodcumque
844 3203 963 3276 animo
989 3202 1165 3297 flagrante
1192 3204 1319 3278 liberet

361 3345 598 3443 simplicitas?
623 3344 738 3420 Ouius
764 3370 834 3419 non
861 3344 975 3419 audeo
1002 3344 1120 3419 dicere
1146 3345 1300 3420 nomen?

241 3578 304 3652 nbi
332 3576 554 3671 „scribendi”
583 3577 775 3673 opponitur
802 3575 975 3650 locutioni
1003 3574 1143 3670 „dicere
1166 3576 1315 3669 nomenf’
1339 3578 1362 3652 i.
1377 3602 1407 3653 e.

241 3719 382 3793 nomine
407 3718 543 3810 dicere,
571 3728 611 3793 ut
636 3718 759 3793 docuit
786 3717 1137 3816 Hickermannus2).
1164 3718 1316 3815 Insuper
1328 3743 1409 3795 con·

240 3865 294 3937 fer
319 3860 394 3937 Sat.
422 3861 458 3935 V
486 3865 574 3953 161,
601 3860 658 3934 VI
683 3864 748 3953 97,
775 3864 822 3935 53
848 3868 884 3935 et
910 3863 967 3934 54.

290 4003 450 4100 Egregie
471 4013 591 4079 autem
612 4004 753 4078 fallitur
771 4002 1033 4101 Ribbeckius³)
1050 4010 1181 4099 putans
1194 4004 1408 4100 particulam

244 4147 493 4243 „quanquam”
521 4169 598 4220 esse
623 4146 927 4236 coniunctionem,
960 4168 1030 4219 non
1053 4145 1281 4239 adverbium,
1312 4149 1408 4242 quod

284 4431 309 4507 ¹)
330 4431 350 4490 l.
370 4431 388 4490 l.
413 4449 482 4510 pag.
505 4432 572 4490 184.

283 4535 308 4618 ²)
329 4536 621 4610 Htckermann,
649 4536 740 4614 Prog.
762 4535 856 4611 1877,
878 4556 946 4616 pag.
967 4539 1015 4597 32.

284 4643 310 4722 ³)
331 4644 395 4704 Der
416 4644 514 4703 Echte
536 4650 593 4702 ote.
616 4664 683 4723 pag.
702 4646 769 4704 123.
