3300 5474
807 435 847 495 98

244 626 358 699 bunos
391 631 427 697 et
460 624 539 697 iura
563 622 711 697 reddere
735 623 774 696 in
798 624 986 720 principiis
1010 624 1176 698 sinebant
1201 632 1237 697 et
1263 607 1408 718 signnm
1512 633 1514 637 ’

243 769 290 842 ab
335 768 387 842 eis
420 766 651 864 petebant.'''’
703 767 883 842 Isidorus:
937 768 1120 863 „„tribuni
1157 768 1276 841 vocati
1313 767 1406 862 quod

243 911 420 985 militibus
455 911 532 984 sive
568 910 735 1006 plebibus
768 911 849 984 iura
881 908 1109 984 tribuunt.''''
1149 908 1409 1006 Oomplectitur

243 1062 414 1148 utrosque
446 1061 482 1126 et
507 1053 661 1126 militnm
687 1062 723 1127 et
747 1052 897 1148 plebis.''
934 1051 1067 1126 Confer
1092 1053 1239 1149 insuper
1263 1052 1346 1127 Lib.
1373 1050 1409 1125 V

242 1219 323 1292 pag.
359 1198 449 1287 283,
485 1198 574 1290 342,
610 1200 700 1288 343,
737 1200 817 1270 347.
867 1194 989 1290 Quare
1022 1195 1137 1290 igitur
1171 1202 1295 1291 poeta,
1327 1218 1409 1269 cum

241 1339 349 1413 sciret
381 1339 545 1413 tribunos
578 1340 661 1413 lites
694 1340 911 1430 diiudicare,
950 1341 1094 1414 locutus
1127 1346 1181 1413 est
1214 1339 1258 1412 de
1288 1346 1409 1412 centu·

241 1480 403 1554 rionibus
436 1481 540 1573 solis,
573 1481 674 1555 nulla
699 1482 925 1556 tribunorum
963 1481 1142 1554 mentione
1166 1478 1287 1554 facta?
1325 1479 1409 1553 Non

241 1633 337 1698 certe
377 1632 418 1698 ut
455 1633 605 1719 augeret
643 1626 893 1699 auctoritatem
930 1625 1146 1699 iudiciorum
1185 1624 1407 1698 militarium.

241 1766 479 1842 Centuriones
512 1791 618 1864 porro
652 1791 758 1865 saepe
791 1769 962 1844 dicuntur
995 1768 1117 1843 stolidi
1142 1767 1293 1862 hircosi3
1319 1767 1408 1863 quin

241 1913 349 1986 etiam
374 1937 396 1986 a
420 1912 655 2007 scriptoribus
679 1912 783 2007 qnasi
809 1911 888 1984 iure
908 1910 1063 2006 quodam
1076 1933 1141 1984 suo
1154 1910 1406 2003 nominantur,

241 2055 357 2129 sicubi
386 2056 491 2128 homo
515 2054 681 2150 stupidus
708 2054 967 2149 significandus
992 2062 1056 2128 est.
1097 2053 1192 2129 Vide
1218 2054 1409 2152 Mayorum

241 2197 324 2272 Vol.
351 2197 392 2270 II
416 2219 499 2293 pag.
526 2200 608 2270 404.
637 2196 711 2271 Eos
737 2205 876 2271 constat
902 2197 1013 2272 fuisse
1038 2196 1195 2271 tribunis
1220 2196 1408 2271 inferiores

241 2362 312 2413 non
338 2339 462 2414 ordine
487 2347 645 2430 tantum,
674 2361 799 2412 verum
824 2339 933 2413 etiam
957 2338 1183 2414 humanitate
1196 2338 1406 2413 etscientia

240 2482 350 2557 Tales
389 2481 551 2556 homines
584 2504 731 2578 corpore
769 2481 934 2555 robustos
968 2489 1086 2555 mente
1111 2480 1328 2574 imbecillos,
1355 2480 1407 2553 in-

240 2648 365 2722 super,
401 2633 442 2699 ut
474 2626 535 2718 fit,
571 2625 706 2699 ordinis
740 2625 906 2699 militaris
930 2647 1051 2699 amore
1072 2632 1296 2717 occaecatos,
1326 2647 1407 2699 cum

240 2791 378 2865 semper
414 2769 489 2841 fere
525 2769 564 2841 in
601 2768 728 2842 castris
766 2768 900 2842 versati
937 2769 1028 2858 sint,
1068 2768 1175 2842 facile
1208 2769 1255 2842 ab
1289 2790 1405 2863 aequa

238 2935 358 2987 rerum
390 2911 654 2985 existimatione
687 2918 722 2983 et
759 2911 855 2985 iusta
889 2933 1017 2985 causae
1042 2911 1248 3005 cognitione
1277 2910 1406 3009 deduci

238 3078 359 3152 posse,
386 3055 468 3150 quis
492 3062 546 3127 est
571 3055 634 3149 qui
658 3052 834 3128 miretur?
871 3054 1020 3129 Poetam
1044 3055 1084 3131 id
1108 3055 1254 3129 minime
1282 3055 1406 3130 mirari

239 3221 290 3282 en⁴
309 3221 351 3272 eo
375 3206 491 3294 patet,
518 3198 614 3293 quod
639 3220 700 3271 eos
720 3197 857 3272 iudices
869 3198 963 3272 ridet
978 3198 1208 3293 „bardaicum
1221 3198 1404 3275 calceum''

239 3350 274 3416 et
302 3342 478 3436 „grandes
502 3340 626 3415 suras’'
655 3341 825 3415 vocando.

287 3483 437 3559 Accedit
461 3484 575 3579 quod,
603 3484 635 3558 si
660 3485 775 3558 omnis
799 3484 1038 3560 dissimulatio
1062 3487 1220 3575 abesset,
1248 3495 1285 3561 et
1313 3487 1406 3581 „ius-

238 3627 398 3703 tissima”
424 3650 489 3724 pro
516 3626 721 3723 „legitima”
750 3628 905 3724 positum
930 3637 1041 3723 esset,
1064 3638 1187 3726 poeta,
1215 3631 1253 3703 ni
1277 3631 1402 3722 fallor,

239 3779 301 3845 aut
330 3770 549 3867 scripsisset:
588 3771 807 3866 „iustissima
832 3780 886 3846 est
910 3772 1024 3866 igitur
1050 3772 1299 3847 centurionum
1325 3796 1403 3869 cog·

238 3913 362 4007 nitio”‚
397 3922 479 3988 aut:
517 3912 735 4008 „iustissima
772 3922 826 3988 est
852 3914 981 4027 ‘igitur
1014 3936 1136 3989 eorum
1169 3914 1328 4008 cognitio
1361 3915 1405 3989 de

239 4055 390 4150 milite''‚
415 4057 585 4152 quoniam
611 4055 717 4130 aliter
738 4057 952 4132 alterutrum
965 4056 1180 4131 vocabulum
1193 4055 1403 4131 abundaret.

238 4197 346 4272 Nunc
379 4207 499 4273 autem
528 4208 721 4295 utrumque
746 4222 882 4295 ponens
907 4222 979 4272 non
1003 4198 1081 4272 sine
1105 4198 1228 4293 aliquo
1254 4199 1404 4273 consilio

238 4340 261 4412 i.
287 4362 318 4413 c.
352 4364 424 4414 non
458 4342 535 4415 sine
569 4342 842 4416 adumbratione
873 4341 1027 4436 quadam
1052 4341 1190 4415 ironiae
1214 4341 1283 4417 hoc
1307 4342 1403 4416 fecit.

237 4482 422 4559 Postremo
447 4485 479 4559 si
504 4486 572 4561 hoc
597 4485 712 4561 voluit
737 4507 822 4560 num
848 4485 969 4580 aptius
993 4482 1136 4581 potuit?

286 4626 397 4702 Facio
423 4627 537 4722 igitur
563 4652 643 4702 cum
669 4628 881 4702 Heinrichio
907 4626 1085 4701 scribente
1113 4627 1275 4701 nonsine
1288 4627 1404 4700 ironia
