3300 5474
815 425 854 484 79

165 663 167 668 r
296 611 480 688 Scholtius
496 610 522 710 ¹)
550 635 615 709 pro
644 612 828 708 „defossa”
855 613 1007 688 coniecit
1027 614 1218 711 „deposta”
1239 615 1415 690 immerito

247 757 446 831 sollicitans
480 756 667 851 vulgarem
700 758 906 848 lectionem,
941 780 1035 853 quae
1060 760 1174 833 multo
1199 768 1252 832 est
1279 759 1416 853 signifi-

248 900 394 974 cantior.

294 1043 428 1117 Facete
459 1050 565 1137 poeta
597 1040 736 1115 deridet
765 1064 941 1138 pauperes
965 1043 1131 1134 clientes,
1159 1043 1223 1138 qui
1248 1066 1413 1117 nummos

246 1185 431 1258 defodiunt
457 1184 534 1256 sive
559 1184 717 1258 condunt
729 1185 767 1257 in
780 1185 852 1258 imo
864 1184 976 1259 fundo
989 1185 1188 1258 loculorum
1202 1207 1409 1259 vacuorum.

247 1326 306 1399 De
343 1325 606 1400 constructione
646 1325 808 1419 „defossa
845 1326 884 1399 in
917 1325 1067 1400 loculis’'
1103 1328 1264 1401 conferas
1298 1325 1407 1401 Ovid.

245 1469 344 1543 Fast.
380 1468 421 1542 Π
454 1492 505 1542 vs.
533 1470 623 1541 642:
662 1468 761 1562 „sive
786 1469 880 1563 lapis
905 1469 982 1543 sive
1007 1491 1045 1542 es
1070 1469 1232 1544 defossus
1256 1470 1295 1543 in
1322 1493 1410 1565 agro

245 1610 390 1707 stipes.”

720 1789 781 1850 Vs,
803 1790 931 1849 54-55.

374 1994 474 2089 Ergo
499 2017 721 2090 supervacua
746 2002 810 2069 aut
834 1995 1034 2091 perniciosa
1058 2003 1255 2091 petuntur:

374 2144 520 2234 propter
544 2160 637 2233 quae
662 2139 718 2212 fas
743 2148 797 2213 est
821 2161 941 2234 genua
965 2140 1126 2213 incerare
1150 2140 1308 2214 deorum.

293 2367 371 2443 Hos
397 2392 523 2444 versus
546 2369 586 2443 in
611 2369 738 2444 mendo
764 2372 896 2445 cubare
921 2393 1042 2445 omnes
1066 2371 1281 2445 recentiores
1301 2371 1408 2445 inter-

244 2520 379 2608 pretes,
407 2513 503 2608 quod
528 2514 620 2605 seio,
648 2513 856 2589 concedunt.
884 2513 1088 2588 Emendare
1113 2537 1173 2588 eos
1198 2514 1410 2588 multisunt

243 2655 380 2748 conati,
406 2678 534 2730 sanare
558 2656 692 2730 nemini
718 2657 912 2751 contigisse
936 2657 1026 2730 rnihi
1051 2657 1213 2748 videtur,
1240 2678 1286 2730 ne
1312 2655 1411 2730 Mad-

242 2798 341 2893 vigio
366 2799 511 2893 quidem
537 2799 672 2893 legenti
700 2798 914 2892 „incerate”

228 2994 230 2996 -
290 2940 403 3014 Poeta
425 2941 700 3015 demonstrantis
726 2964 797 3015 non
824 2941 1050 3015 adhortantis
1070 2948 1191 3037 partes
1207 2940 1277 3014 sibi
1290 2963 1408 3036 sump-

241 3084 299 3157 sit.
325 3083 459 3179 Incipit
483 3105 629 3156 narrare
654 3083 814 3157 homines
839 3105 932 3178 quae
957 3085 1069 3175 bona,
1095 3105 1189 3179 quac
1214 3083 1310 3157 mala
1330 3083 1403 3155 sint

241 3249 312 3300 non
337 3226 426 3300 satis
450 3226 542 3300 scire
567 3226 626 3298 vel
650 3227 757 3321 plane
771 3225 918 3300 nescire.
933 3225 977 3299 Id
990 3225 1233 3300 demonstrare
1245 3231 1404 3299 conatur.

242 3369 336 3442 Tota
368 3377 490 3443 satura
521 3370 597 3442 fere
630 3374 795 3442 versatur
827 3369 867 3442 in
899 3368 946 3442 iis
980 3367 1166 3460 notandis,
1193 3390 1287 3463 quae
1313 3367 1406 3441 male

241 3512 287 3584 ab
320 3511 525 3585 hominibus
557 3517 741 3606 optentur3
776 3510 815 3584 in
849 3509 920 3584 fine
946 3511 1089 3584 demum
1114 3510 1287 3601 ostendit,
1315 3507 1405 3604 quid

240 3675 279 3727 re
305 3676 389 3727 vera
413 3653 461 3727 sit
485 3652 696 3749 petendum3
723 3651 819 3748 quod
844 3652 1055 3748 priusquam
1080 3652 1294 3746 ostenderit,
1318 3672 1407 3747 quo·

241 3793 344 3868 modo
385 3795 547 3869 homines
588 3793 797 3868 adhortetur
832 3794 878 3868 ad
911 3817 954 3868 ea
987 3795 1159 3891 petenda,
1206 3817 1300 3890 qnae
1332 3817 1405 3868 non

241 3936 434 4042 noverint?

289 4077 382 4154 Cum
414 4087 534 4154 autern
568 4102 620 4153 vs.
652 4080 748 4152 4-5
775 4085 810 4152 et
836 4080 931 4152 bona
956 4088 992 4152 et
1017 4081 1112 4153 mala
1136 4087 1402 4168 commemoret,

239 4229 319 4317 post
352 4222 611 4314 digressionem
644 4221 690 4295 ad
725 4221 947 4316 propositum
976 4221 1182 4295 redeuntem
1208 4243 1273 4317 per
1297 4222 1406 4318 parti-

239 4367 357 4440 culam
384 4366 514 4462 „crgo”
543 4364 738 4439 verisimile
763 4372 816 4439 est
841 4387 923 4438 eum
948 4373 984 4438 et
1009 4366 1105 4438 mala
1125 4387 1251 4439 rursus
1263 4372 1299 4438 et
1312 4366 1405 4438 bona

241 4539 399 4548 -—.——

282 4627 307 4704 ι)
328 4619 389 4684 141.
412 4642 479 4704 pag.
502 4622 550 4685 to.
