3300 5474
843 433 882 490 84

332 619 410 692 Hos
443 619 638 693 versiculos
669 621 792 693 abesse
820 619 1017 693 maluerim.
1044 618 1131 693 Post
1157 641 1282 692 versus
1308 640 1448 714 praecc-

283 759 420 853 dentes,
456 762 650 856 inquibus
675 770 780 857 poeta
809 762 960 857 pristino
987 762 1114 834 mentis
1141 760 1265 855 vigore
1290 760 1448 834 cruentis

282 903 385 999 quasi
419 904 628 977 verberibus
661 904 777 977 caedit
814 903 975 977 homines
1001 904 1160 999 impuros
1185 912 1220 977 et
1247 904 1447 999 improbos,

283 1047 322 1121 hi
355 1047 545 1120 admodum
578 1055 663 1120 sunt
698 1047 875 1140 languidi.
910 1046 1063 1142 Insuper
1089 1069 1140 1119 vs.
1167 1047 1237 1119 226
1264 1069 1309 1118 err
1334 1045 1450 1141 prima

284 1199 407 1265 satura
432 1191 605 1287 repetitus
630 1199 694 1264 est.

333 1333 461 1428 Longa
486 1334 551 1406 illa
575 1333 796 1407 enumeratio
823 1330 1021 1431 (ano-24)
1048 1331 1197 1405 librario
1215 1353 1339 1404 ansam
1352 1327 1450 1402 dedit

284 1477 349 1551 hos
375 1499 500 1550 versus
524 1475 711 1550 conflandi.

744 1732 804 1792 VS.
827 1733 994 1793 aea-286.

728 1945 849 2041 Igitur
873 1947 1019 2020 fortuna
1045 1947 1159 2042 ipsius
1183 1954 1219 2020 et
1244 1946 1346 2021 urbis

547 2094 727 2163 servatum
753 2088 849 2162 victo
874 2097 982 2184 caput
1008 2089 1169 2162 abstulit.

337 2340 487 2414 Veteres
523 2339 735 2434 interpretes
772 2340 847 2412 fere
884 2361 1007 2413 vocem
1045 2362 1138 2434 quae
1172 2348 1226 2412 est
1262 2337 1451 2433 „fortuna”

287 2483 503 2575 intellegunt
545 2481 589 2554 de
627 2482 722 2554 mala
759 2483 914 2555 fortuna.
967 2480 1085 2572 Quam
1122 2482 1453 2578 interpretationem

288 2623 522 2698 Heinriehius
552 2623 762 2719 vituperans
787 2625 936 2698 verbum
961 2624 1092 2719 accipit
1118 2624 1163 2697 de
1187 2625 1262 2698 fato
1290 2624 1453 2698 variante

288 2789 384 2841 nuno
408 2774 573 2839 servante
594 2765 926 2861 nuncdeperdente.
955 2765 1130 2840 Neutram
1143 2789 1228 2840 vero
1240 2766 1454 2840 sententiam

288 2908 524 3007 probaverim.
560 2907 655 2981 Nam
679 2909 824 2982 fortuna
849 2907 1012 3004 Pompeii
1037 2908 1125 2983 adeo
1152 2917 1228 2983 erat
1254 2911 1451 2998 celebrata,

288 3062 324 3127 ct
369 3051 525 3126 felicitas
571 3052 695 3147 populi
734 3052 889 3126 Romani
925 3055 972 3128 ab
1007 3053 1172 3128 omnibus
1204 3055 1279 3126 fere
1312 3053 1455 3128 Latinis

289 3196 525 3292 scriptoribus
550 3195 602 3268 ita
614 3218 753 3291 semper
766 3203 872 3268 aucta
886 3204 921 3268 et
934 3196 1152 3291 amplificata
1164 3205 1235 3286 est,
1250 3205 1291 3271 ut
1305 3198 1454 3270 verbum

289 3347 325 3413 et
350 3338 520 3412 hocloco
546 3338 609 3410 vix
635 3338 679 3410 de
705 3337 777 3411 alia
803 3359 841 3410 re
867 3338 979 3433 possit
1005 3337 1170 3433 intellegi
1183 3361 1291 3433 quam
1304 3337 1455 3412 debona
1487 3340 1490 3348 '

145 3548 148 3552 ,
289 3484 443 3556 fortuna.
471 3478 621 3554 Accedit
647 3480 743 3575 quod
770 3481 985 3555 vocabulum
1014 3481 1251 3575 „servatum'',
1266 3490 1339 3555 tam
1357 3490 1455 3556 arcte

289 3626 518 3701 coniunctum
552 3647 633 3698 cum
664 3647 751 3699 voce
787 3622 988 3717 „fortuna'',
1024 3625 1093 3698 tibi
1119 3625 1250 3697 vinde
1276 3625 1454 3699 eiussen·

289 3767 403 3840 tentia
427 3765 689 3840 dubitationem
713 3766 871 3861 reliquit.

338 3908 420 3983 Hoc
451 3917 596 4005 accepto
631 3909 713 3982 vide
746 3931 854 4003 quam
887 3915 982 3983 recte
1008 3909 1127 3983 omnia
1152 3906 1362 4005 procedant:
1390 3909 1455 3982 illa

289 4051 451 4147 Pompeii
480 4052 642 4142 fortuna,
678 4051 743 4124 illa
768 4051 892 4147 populi
918 4051 1072 4125 Romani
1097 4053 1250 4126 multum
1275 4053 1456 4125 celebrata

289 4193 443 4267 felicitas
468 4216 549 4266 eum
577 4194 745 4267 servavit.
777 4192 899 4284 Quid?
925 4194 996 4268 imo
1023 4202 1130 4290 caput
1156 4195 1189 4267 ei
1216 4195 1376 4268 abstulit.

339 4334 383 4408 Id
427 4337 541 4409 multo
586 4336 751 4409 acerbius
797 4335 932 4410 dictum
978 4358 1073 4426 esse,
1117 4337 1301 4430 multoque
1340 4337 1456 4431 magis

289 4485 434 4553 saturae
470 4479 579 4552 huius
610 4478 729 4552 'indoli
766 4479 957 4553 convenire
994 4479 1172 4552 neminem
1205 4479 1331 4574 fugiet.
1370 4477 1455 4554 Sen-

290 4621 424 4694 tentiae
456 4622 549 4694 inest
583 4621 698 4694 ironia
733 4624 790 4695 vel
825 4622 943 4718 potius
969 4644 1169 4696 sarcasmus
1195 4623 1378 4717 aptissime
1403 4646 1454 4696 re-
