3300 5474
805 453 842 514 87

239 645 465 742 praesertim,
514 637 674 718 utiam
720 643 815 736 dixi,
855 643 925 718 diis
965 645 1209 718 immolaretur
1246 643 1405 718 victimis
1477 687 1479 695 ·

239 787 412 861 candidis.

290 931 387 1022 Quid
421 941 540 1004 autem
575 932 664 1004 latet
696 932 735 1003 in
761 931 870 1004 verbo
898 928 1114 1024 „sanguis''?
1151 928 1306 1002 Flumen
1333 927 1408 1002 Oli-

240 1084 404 1167 tumnus,
445 1075 548 1148 cuius
574 1072 692 1147 undae
725 1074 862 1146 vitreae
887 1082 990 1145 erant
1011 1082 1047 1145 et
1072 1073 1156 1145 nive
1181 1071 1406 1166 frigidiores,

240 1218 335 1291 inter
372 1218 445 1290 alia
481 1216 632 1290 flumina
668 1216 844 1311 imprimis
881 1223 1053 1310 tanquam
1087 1214 1176 1289 deus
1211 1215 1407 1288 colebatur.

241 1357 465 1457 Prellerus·¹)
494 1358 638 1454 scripsit
663 1357 796 1431 flumen
809 1359 1029 1453 appellatum
1042 1356 1256 1431 essedivum
1271 1365 1408 1452 patrem

187 1598 190 1604 Ι
242 1500 484 1592 Clitumnum,
513 1510 548 1574 et
571 1509 716 1596 pontem
741 1500 780 1573 in
806 1523 847 1573 eo
872 1501 1001 1590 fuisse,
1030 1500 1093 1593 qui
1120 1508 1256 1594 partem
1269 1522 1408 1572 sacram

241 1644 446 1738 seiungeret
482 1668 505 1717 a
541 1643 710 1739 profana,
754 1642 793 1714 in
826 1664 898 1737 qua
932 1651 967 1714 et
1001 1641 1211 1715 lavarentur
1244 1641 1409 1714 Romani.

241 1787 336 1862 Puto
369 1788 485 1882 igitur
517 1809 599 1860 cum
634 1784 877 1858 Herwerdeno
892 1782 920 1881 2)
958 1783 1151 1878 legendum
1176 1805 1271 1857 esse:
1314 1781 1411 1877 „Oli-

242 1930 357 2004 tumni
388 1952 522 2025 pascua
550 1953 615 2002 san
636 1928 700 2002 ti.'’
742 1926 824 2023 Ipse
849 1929 886 2000 in
912 1927 1061 2000 eandem
1086 1927 1328 2001 coniecturam
1358 1929 1410 2001 in-

228 2072 407 2145 uideram.

723 2257 783 2317 Vs,
807 2255 933 2317 72-74.

887 2477 957 2553 Oui
983 2478 1136 2553 candida
1161 2502 1289 2553 nomen

349 2626 466 2699 scrofa
489 2624 605 2716 dedit,
632 2622 738 2696 laetis
762 2622 972 2720 Phrygibus
999 2622 1163 2695 mirabile
1188 2645 1313 2696 sumen

349 2777 386 2840 et
411 2789 593 2862 nunquam
619 2766 708 2840 visis
733 2765 885 2858 triginta
910 2765 1015 2858 clara,
1033 2765 1214 2838 mamillis.

292 3016 641 3110 Programmatarius
678 3015 834 3088 Putbius
848 3012 876 3111 ³)
920 3022 1109 3110 postquam
1146 3014 1240 3088 dixit
1275 2976 1334 3089 vs.
1366 3020 1411 3090 19

245 3159 401 3232 maxima
424 3159 590 3261 laborare
615 3158 852 3248 obscuritate,
885 3165 1007 3250 rogat,
1036 3164 1158 3230 utrum
1183 3157 1412 3231 statuendum
1472 3162 1475 3167 ’

244 3302 309 3392 sit,
346 3309 487 3396 poetam
512 3301 550 3373 in
575 3300 725 3374 dubium
753 3266 886 3374 vocare.
907 3299 1063 3373 voluisse
1084 3320 1177 3393 quae
1201 3300 1412 3375 fabulantur

244 3451 370 3539 poetae
396 3443 441 3516 de
466 3443 583 3517 scrofa
608 3444 709 3535 alba,
737 3467 783 3516 an
809 3441 1026 3516 credendum
1051 3463 1132 3514 eum
1157 3441 1195 3514 id
1213 3441 1347 3535 egisse,
1371 3451 1413 3517 ut

245 3596 388 3683 poetae,
415 3608 521 3681 quem
546 3584 726 3672 derideat,
753 3584 1032 3680 imprudentiam
1057 3583 1243 3657 denotaret
1269 3592 1304 3657 et
1325 3586 1413 3658 stul-

246 3729 382 3820 titiam,
430 3727 621 3801 scribentis
671 3735 728 3822 ,et
765 3749 951 3822 nunquam
989 3725 1098 3800 visis''
1138 3749 1219 3800 cum
1256 3726 1413 3800 scribere

246 3871 391 3945 deberet
418 3878 476 3964 ,et
501 3891 684 3964 nunquam
711 3869 803 3943 alias
828 3868 951 3944 visis.''

297 4013 355 4086 De
391 4013 548 4086 tenebris
585 4012 675 4084 nihil
715 4013 821 4086 sensi.
873 4012 986 4086 Poeta
1023 4034 1222 4085 memorans
1260 4011 1413 4084 scrofam

247 4157 380 4230 claram
414 4155 526 4229 fuisse
560 4155 712 4249 triginta
737 4155 907 4229 mamillis
933 4177 1024 4250 quas
1050 4176 1152 4227 nemo
1177 4174 1337 4247 unquam
1362 4154 1414 4225 vi-

247 4346 404 4354 ...ῥ-

289 4442 312 4516 ¹)
334 4441 424 4499 Prell.
446 4441 533 4499 Rom.
555 4440 654 4518 Mytb.
678 4459 745 4518 pag.
767 4440 837 4498 519.

289 4547 313 4623 2)
336 4547 450 4606 Mnem.
472 4547 560 4605 Nova
582 4546 674 4604 series
696 4547 711 4604 l
733 4564 801 4624 pag.
822 4543 881 4605 407
903 4565 965 4623 sqq.

290 4653 315 4734 ³)
337 4654 442 4731 Progr.
464 4653 519 4714 ΝΟ.
542 4656 608 4712 104.
630 4653 751 4712 Putbue
772 4650 850 4711 1877
871 4670 939 4731 pag.
962 4654 1008 4712 19.
