3300 5474
806 456 845 522 97

239 650 380 740 insunt,
408 672 500 744 quae
524 651 643 724 varios
668 649 824 724 habeant
851 650 1061 745 explicatus.
1098 648 1219 724 Primo
1247 651 1342 723 enim
1368 652 1407 724 id

239 792 335 887 qnod
368 793 407 865 in
439 793 544 866 initio
577 793 732 888 legimus
768 792 987 887 „iustissima
1020 800 1074 866 est
1107 792 1222 886 igitur
1246 793 1406 887 eognitio

240 935 285 1008 de
309 934 445 1009 milite’'
473 935 580 1009 efficit
605 945 645 1008 nt
662 935 855 1030 ambiguus
869 935 1014 1009 haereat
1027 935 1148 1010 leetor.
1176 935 1253 1009 Alii
1271 937 1406 1010 ironice
1545 918 1548 925 ⁴

240 1077 376 1152 dietum
409 1101 486 1152 esse
519 1085 681 1167 censent,
717 1079 781 1151 alii
814 1102 884 1151 non
915 1078 993 1152 sine
1017 1079 1135 1152 ironia
1160 1080 1312 1171 elatum,
1340 1080 1416 1153 alii‘

240 1243 378 1294 omnem
402 1220 723 1294 dissimulationem
748 1221 873 1294 abesse
900 1228 1039 1316 putant.
1067 1220 1162 1294 Tum
1178 1244 1299 1295 voeem
1312 1245 1406 1317 quae

240 1373 294 1436 est
330 1361 534 1457 „vindicta”
560 1370 645 1436 sunt
670 1362 735 1457 qni
760 1361 806 1435 de
831 1384 945 1459 poena
972 1362 1079 1435 militi
1105 1364 1292 1438 subeunda
1317 1366 1407 1438 aoni-

240 1496 361 1601 piunt,
390 1505 453 1578 alii
477 1505 522 1578 de
547 1506 685 1579 ultione
709 1527 818 1600 qnam
846 1506 949 1578 miles
976 1507 1022 1579 ab
1043 1505 1249 1594 adversario
1266 1508 1406 1603 repetit.

239 1648 470 1722 Adieotivum
495 1648 650 1743 deniqne
675 1648 771 1743 qnod
796 1657 850 1722 est
879 1647 1098 1742 „curabilis”
1124 1649 1228 1722 modo
1253 1650 1408 1723 refertur

239 1792 285 1865 ad
326 1790 529 1885 „vindicta”
568 1790 673 1864 modo
710 1790 756 1863 ad
793 1790 992 1885 „ininria'’;
1033 1813 1129 1866 nune
1163 1792 1407 1887 praedicatum

239 1941 293 2007 est
317 1956 415 2007 nune
438 1933 663 2007 attributum.

289 2075 503 2167 Videamus,
530 2098 647 2149 nonne
672 2076 716 2149 de
741 2077 919 2149 sententia
949 2077 1169 2170 „iustissima
1191 2121 1236 2131 —
1257 2077 1405 2168 milite’',

240 2219 355 2313 deque
388 2219 651 2314 significatione
686 2220 783 2298 vonis
817 2218 1022 2312 „vindicta”
1049 2219 1189 2314 aliquid
1214 2221 1303 2294 oerti
1329 2243 1408 2316 pro·

213 2392 215 2397 ·
240 2349 370 2456 ponere
382 2360 576 2456 possimus,
595 2360 730 2456 quibus
742 2360 920 2457 expeditis
933 2361 1074 2456 reliqna
1086 2362 1192 2436 faoile
1205 2362 1405 2436 decurrent.

288 2504 436 2599 Lipsius
460 2503 499 2576 in
523 2503 650 2596 quinto
675 2502 769 2576 libro
794 2502 839 2576 de
864 2503 996 2576 militia
1021 2502 1184 2576 Romana
1207 2501 1303 2601 (pag.
1319 2500 1404 2602 341)

240 2647 329 2721 haeo
361 2645 488 2720 habet:
527 2668 681 2742 „poenas
714 2645 878 2719 dicturus
903 2645 1102 2741 praemittit
1130 2644 1334 2744 (Polybius)
1363 2646 1408 2721 de

239 2790 303 2880 iis,
330 2789 395 2884 qui
419 2789 600 2883 irrogant,
628 2796 664 2861 et
688 2787 844 2861 ostendit
868 2788 1096 2862 tribunorum
1120 2788 1158 2862 id
1172 2789 1293 2862 fuisse.
1316 2788 1408 2862 Tria

239 2940 416 3021 recenset,
456 2953 549 3026 qnae
582 2931 724 3027 imperii
762 2954 886 3005 eornm
923 2939 960 3004 et
997 2931 1106 3023 iuris,
1134 2932 1405 3025 quod-multam
1492 3029 1494 3032 Ι

177 3102 180 3107 ’
239 3076 381 3168 dieunt,
404 3073 499 3169 quod
522 3075 654 3170 pignus
666 3074 832 3170 capiunt,
861 3073 959 3169 quod
984 3074 1196 3148 verberibus
1215 3075 1405 3168 castigant.

239 3216 300 3292 An
325 3226 361 3292 et
385 3218 502 3314 eapite
526 3214 707 3313 puniunt?
733 3240 805 3290 non
831 3216 891 3290 hio
915 3216 1026 3291 addit.
1054 3214 1173 3312 Supra
1198 3225 1317 3291 tamen
1343 3218 1407 3292 ubi

239 3361 284 3435 de
309 3360 448 3455 vigiliis
473 3360 616 3434 soribit:
656 3360 735 3454 „„si
761 3359 852 3433 nihil
878 3360 951 3433 tale
977 3360 1130 3450 faotnm,
1158 3358 1252 3432 redit
1276 3359 1315 3432 in
1340 3361 1406 3434 oir-

239 3503 387 3577 eitorem
420 3503 545 3597 eulpa,
589 3501 784 3597 statimque
817 3502 990 3575 advocato
1024 3501 1173 3575 oonsilio
1202 3525 1225 3574 a
1261 3502 1407 3576 tribuno

240 3669 367 3721 eaussa
400 3645 645 3740 cognoscitur,
685 3653 722 3719 et
751 3645 783 3719 si
809 3644 1000 3727 damnatus
1025 3645 1152 3736 fuerit,
1189 3644 1406 3719 fustuarium

239 3787 400 3863 subit.'’'’
429 3788 489 3861 Ex
514 3810 586 3883 quo
611 3787 747 3862 dixeris
764 3788 873 3862 etiam
894 3787 1029 3884 eapitis
1051 3810 1196 3862 caussas
1221 3787 1406 3861 tribunum

240 3931 467 4026 cognovisse,
503 3938 613 4025 atque
647 3930 736 4004 adeo
752 3930 791 4003 in
817 3929 955 4025 equites
980 3927 1160 4003 Romanos
1185 3927 1406 4001 animadver-

240 4074 344 4159 tisse,
379 4074 411 4147 si
436 4073 476 4146 hi
500 4074 539 4146 in
566 4073 683 4168 eulpa.
724 4072 853 4167 Neque
878 4072 986 4145 nimis
1010 4071 1049 4145 id
1073 4070 1298 4166 negaverim,
1325 4092 1407 4145 oum

239 4218 338 4311 lege,
371 4217 402 4291 si
427 4217 617 4291 eonsilium
639 4215 866 4308 adiunetnm,
894 4223 930 4288 et
943 4211 1279 4309 unaoognosoant.'’
1306 4211 1407 4286 Idem

239 4360 278 4432 in
315 4359 409 4432 libro
447 4360 602 4433 seeundo
631 4356 727 4457 (pag.
755 4355 838 4456 8⁹0:
876 4355 954 4451 „Ao
978 4365 1020 4432 tu
1044 4356 1209 4431 tribunos
1234 4355 1306 4429 iam
1330 4377 1407 4451 per·

240 4502 352 4594 nosti,
388 4503 420 4576 si
453 4502 576 4575 munia
608 4501 765 4575 breviter
798 4499 927 4574 addam
961 4507 997 4573 et
1022 4505 1240 4586 ornamenta.
1280 4495 1407 4571 Munia

240 4654 324 4718 sunt
357 4645 415 4717 ins
452 4644 580 4718 dioere.
607 4643 737 4716 Livius
766 4641 861 4740 (Lib.
888 4640 1065 4714 XXVIII
1091 4643 1148 4714 24.
1179 4639 1259 4738 10):
1298 4640 1406 4733 „,tri·

1277 4769 1306 4814 13
