3300 5474
245 573 398 624 videbatur:
424 588 511 638 neque
535 572 695 624 Mancinello
720 571 880 624 credendum
903 571 1046 623 affirmanti
1070 571 1158 623 omnia
1185 572 1238 622 iam
1256 587 1314 622 sese
1332 575 1405 623 recte
1489 560 1492 564 ⁴

245 689 357 754 habere,
380 704 466 755 neque
486 687 634 740 Ribbeckio
652 687 732 738 nimis
750 688 836 739 multa
853 687 989 755 spernenti
1007 690 1034 738 et
1052 687 1174 738 mutanti.
1194 687 1319 738 Ceterum
1333 702 1404 738 com·

245 804 404 856 monterium
427 806 600 870 perpetuum,
629 804 675 870 qui
702 819 793 854 omnes
817 803 903 854 adiret
928 802 1112 868 difficultates,
1137 803 1253 854 scribere
1270 803 1298 852 in
1317 803 1405 854 animo

246 937 299 972 non
324 923 396 985 erat,
421 919 467 970 sed
492 919 514 970 si
533 934 601 985 quae
619 919 648 969 in
666 922 808 983 contextu,
836 918 915 970 sicuti
934 933 951 969 a
968 918 1104 970 codicibus
1122 917 1199 969 nobis
1216 916 1331 969 traditus
1349 920 1404 982 est,

202 1089 204 1094 ,
245 1036 334 1087 minus
351 1039 425 1087 recta
443 1035 613 1101 videbantur,
633 1035 729 1102 quibus
748 1034 895 1087 tractandis
914 1035 984 1085 vires
1003 1050 1077 1086 meae
1094 1051 1148 1085 uon
1166 1035 1282 1101 impares
1300 1036 1404 1099 essent,

246 1151 278 1202 de
303 1152 336 1202 iis
360 1151 508 1219 disputavi,
532 1167 581 1202 nec
604 1167 659 1202 non
685 1151 814 1218 opusculo
832 1166 891 1202 meo
909 1150 1010 1202 inserui
1028 1166 1074 1216 ea,
1093 1165 1162 1217 quae
1180 1150 1213 1202 ab
1232 1149 1292 1201 aliis
1310 1149 1406 1201 melius

246 1268 355 1334 peiusve
373 1266 554 1319 demonstrata
572 1269 663 1332 erant,
682 1266 731 1318 illa
747 1265 860 1318 laudans
878 1266 1009 1333 novisque
1026 1265 1193 1333 argumentis
1203 1280 1283 1332 quam
1291 1263 1406 1316 maxime

246 1381 373 1448 lirlciene,
389 1383 455 1434 haec
472 1381 669 1449 reprehendens
688 1382 901 1448 pravitatemque
919 1396 1001 1448 quam
1019 1380 1134 1433 maxime
1153 1380 1288 1447 detegens.
1374 1447 1376 1451 v

282 1498 391 1549 Utinam
409 1498 459 1549 hae
478 1497 626 1549 studiorum
644 1497 777 1563 primitiae
795 1512 812 1548 a
829 1500 873 1561 te,
893 1496 1004 1548 Lector!
1022 1495 1149 1548 benevole
1167 1495 1347 1563 accipiantur!

281 1612 361 1665 Dulci
387 1611 474 1664 adhuc
501 1612 566 1663 milri
590 1611 754 1679 fimgendum
779 1615 820 1663 est
844 1612 938 1664 officio.
964 1612 1122 1679 Quanquam
1146 1612 1247 1679 aliquot
1273 1611 1336 1663 anni
1353 1611 1406 1662 iam

246 1728 420 1795 praeteriere,
446 1743 480 1778 ex
504 1743 557 1794 quo
575 1727 650 1779 vobis
668 1728 708 1778 uti
727 1727 945 1794 praeceptoribus
963 1727 1027 1778 mihi
1047 1727 1174 1794 contigit,
1196 1727 1247 1778 viri
1265 1727 1406 1779 clarissimi

246 1846 273 1894 et
297 1843 442 1894 doctissimi
467 1842 588 1907 Hecker,
614 1842 726 1894 Moltzer
750 1847 777 1894 et
803 1842 863 1894 Van
888 1841 934 1895 der
952 1842 1058 1910 Wijck!
1084 1841 1193 1894 memori
1210 1845 1300 1893 tamen
1318 1844 1407 1892 mente

246 1958 293 2009 illa
319 1961 440 2026 tempora
468 1958 569 2022 recolo,
597 1973 647 2010 nec
671 1974 789 2025 unquam
813 1957 956 2009 obliviscar
979 1961 1108 2025 quantum
1127 1961 1153 2009 et
1171 1973 1285 2025 magnae
1302 1960 1407 2009 vestrae

247 2073 389 2125 eruditioni
416 2077 443 2125 et
471 2073 601 2141 singulari
625 2076 735 2125 vestrae
761 2073 963 2125 benevolentiae
991 2073 1107 2126 debeam.
1137 2074 1296 2126 Vestrorum
1319 2074 1347 2124 in
1365 2089 1406 2124 me

246 2188 400 2240 meritorum
417 2188 543 2240 memoria
560 2204 697 2255 nunquam
714 2191 849 2255 premetur
867 2188 1013 2240 oblivione!

282 2303 376 2370 Neque
399 2306 426 2355 te
449 2319 503 2355 non
527 2303 674 2368 reminisci,
699 2304 741 2354 vir
765 2304 912 2355 clarissime
935 2307 962 2356 et
980 2303 1158 2356 eruditissime
1175 2305 1331 2357 Francken!
1360 2307 1407 2356 aut

246 2418 286 2470 fas
311 2423 351 2470 est
375 2423 422 2470 aut
448 2423 542 2486 gratus
566 2436 608 2472 me
633 2419 696 2471 sinit
722 2420 833 2471 animus.
860 2420 901 2470 Tu
923 2420 966 2472 his
989 2421 1018 2471 in
1040 2421 1139 2473 litteris
1163 2422 1323 2489 praecipuus
1342 2421 1407 2471 mihi

247 2532 395 2585 studiorum
422 2533 477 2585 dux
504 2534 579 2586 fuisti
604 2538 631 2586 et
655 2539 763 2602 auctor,
792 2539 822 2587 tu
846 2535 874 2586 in
899 2536 960 2588 luce
984 2536 1087 2588 incerta
1110 2537 1174 2587 mihi
1197 2537 1298 2588 erranti
1322 2535 1407 2587 facem

247 2650 412 2717 praetulisti,
431 2654 462 2701 tu
481 2650 666 2703 benevolentia
684 2652 809 2719 prosequi
827 2668 964 2720 nunquam
982 2653 1116 2704 destitisti.
1138 2653 1191 2704 Pro
1202 2651 1407 2703 hisceomnibus

247 2765 348 2832 gratiae
372 2765 422 2817 tibi
446 2769 569 2833 agentem
592 2782 635 2818 me
658 2782 711 2818 non
736 2767 820 2819 veteri
837 2767 962 2819 instituto
982 2768 1104 2835 paruisse
1121 2767 1169 2819 sed
1187 2767 1275 2819 animo
1293 2766 1343 2817 tibi
1362 2764 1406 2817 de·

247 2882 336 2934 vincto
354 2881 498 2934 indulsisse
517 2898 674 2949 persuasum
691 2882 796 2934 habeto.

282 2997 317 3048 Et
342 3001 373 3048 tu
397 2997 472 3048 mihi·
491 2998 691 3065 compellandus
718 3013 761 3063 es,
789 2998 830 3048 vir
857 2998 1004 3050 clarissime
1031 3002 1057 3049 et
1086 2998 1238 3050 doctissime
1257 2997 1406 3062 Baehrens,

247 3113 387 3164 Promotor
411 3114 647 3195 aestumatissime!
676 3114 760 3165 Doleo
785 3113 891 3180 quidem
916 3113 987 3181 quod
1011 3114 1066 3165 tuis
1093 3113 1252 3165 lectionibus
1279 3113 1407 3164 interesse

247 3229 312 3279 mihi
338 3244 393 3280 non
412 3228 501 3294 licuit3
527 3233 709 3280 verumtamen
727 3230 842 3280 multum
860 3230 967 3281 omnino
985 3245 1027 3280 me
1046 3229 1142 3281 debere
1160 3232 1223 3280 tuae
1242 3228 1361 3280 comitati
1380 3231 1407 3280 et

247 3344 421 3409 humanitati,
447 3344 577 3412 imprimis
604 3344 746 3396 utilissima
776 3345 859 3397 luisse
885 3345 996 3397 consilia
1021 3348 1068 3396 tua
1092 3348 1119 3396 et
1143 3345 1259 3410 monita,
1285 3334 1353 3411 quae
1379 3344 1408 3394 in

247 3460 313 3511 hace
335 3459 520 3511 dissertatione
538 3459 729 3512 conscribenda
744 3460 809 3511 mihi
826 3461 1048 3525 subministrasti,
1070 3465 1100 3511 ut
1118 3461 1214 3512 lubens
1235 3476 1351 3528 agnosco
1370 3461 1407 3512 ita

247 3577 341 3641 gratus
360 3574 494 3642 profiteor.

284 3690 340 3742 Vos
360 3706 464 3756 omnes,
483 3690 534 3741 viri
554 3690 707 3742 clarissimi!
727 3691 834 3758 publice
853 3692 990 3759 accipiatis
1009 3693 1089 3744 velim
1108 3693 1272 3744 reverentiae
1290 3708 1364 3763 meae
1380 3695 1406 3744 et

248 3807 369 3873 obsequii
388 3805 616 3874 significationem.
