<?xml version="1.0" encoding="UTF-8"?>
<!DOCTYPE html PUBLIC "-//W3C//DTD XHTML 1.0 Transitional//EN"
    "http://www.w3.org/TR/xhtml1/DTD/xhtml1-transitional.dtd">
<html xmlns="http://www.w3.org/1999/xhtml" xml:lang="en" lang="en">
 <head>
  <title>
</title>
<meta http-equiv="Content-Type" content="text/html;charset=utf-8" />
  <meta name='ocr-system' content='tesseract 3.04.00' />
  <meta name='ocr-capabilities' content='ocr_page ocr_carea ocr_par ocr_line ocrx_word'/>
</head>
<body>
  <div class='ocr_page' id='page_1' title='image "adnotationescri00jonggoog_0036.png"; bbox 0 0 3300 5474; ppageno 0'>
   <div class='ocr_carea' id='block_1_1' title="bbox 812 422 848 480">
    <p class='ocr_par' dir='ltr' id='par_1_1' title="bbox 812 422 848 480">
     <span class='ocr_line' id='line_1_1' title="bbox 812 422 848 480; baseline 0 0"><span class='ocrx_word' id='word_1_1' title='bbox 812 422 848 480; x_wconf 87' lang='grc'><strong>31</strong></span> 
     </span>
    </p>
   </div>
   <div class='ocr_carea' id='block_1_2' title="bbox 241 608 1415 3273">
    <p class='ocr_par' dir='ltr' id='par_1_2' title="bbox 247 608 1415 848">
     <span class='ocr_line' id='line_1_2' title="bbox 247 608 1415 707; baseline 0.005 -27"><span class='ocrx_word' id='word_1_2' title='bbox 247 608 424 683; x_wconf 84' lang='lat' dir='ltr'><strong>humanae</strong></span> <span class='ocrx_word' id='word_1_3' title='bbox 449 631 575 683; x_wconf 87' lang='lat' dir='ltr'><strong>sensus</strong></span> <span class='ocrx_word' id='word_1_4' title='bbox 602 609 813 701; x_wconf 85' lang='lat' dir='ltr'><strong>mentiatur,</strong></span> <span class='ocrx_word' id='word_1_5' title='bbox 841 609 994 683; x_wconf 89' lang='lat' dir='ltr'><strong>amicum</strong></span> <span class='ocrx_word' id='word_1_6' title='bbox 1015 609 1188 706; x_wconf 84' lang='lat' dir='ltr'><strong>decipiat,</strong></span> <span class='ocrx_word' id='word_1_7' title='bbox 1212 610 1415 707; x_wconf 90' lang='lat' dir='ltr'><strong>liberosque</strong></span> 
     </span>
     <span class='ocr_line' id='line_1_3' title="bbox 247 751 1228 848; baseline 0.001 -23"><span class='ocrx_word' id='word_1_8' title='bbox 247 751 342 844; x_wconf 86' lang='lat' dir='ltr'><strong>eius,</strong></span> <span class='ocrx_word' id='word_1_9' title='bbox 369 751 456 826; x_wconf 89' lang='lat' dir='ltr'><strong>dum</strong></span> <span class='ocrx_word' id='word_1_10' title='bbox 481 752 654 845; x_wconf 89' lang='lat' dir='ltr'><strong>mulceat,</strong></span> <span class='ocrx_word' id='word_1_11' title='bbox 681 753 897 848; x_wconf 92' lang='lat' dir='ltr'><strong>patrimonio</strong></span> <span class='ocrx_word' id='word_1_12' title='bbox 922 754 1051 827; x_wconf 90' lang='lat' dir='ltr'><strong>orbare</strong></span> <span class='ocrx_word' id='word_1_13' title='bbox 1075 751 1228 827; x_wconf 77' lang='lat' dir='ltr'><strong>studeat.</strong></span> 
     </span>
    </p>

    <p class='ocr_par' dir='ltr' id='par_1_3' title="bbox 241 891 1414 3273">
     <span class='ocr_line' id='line_1_4' title="bbox 296 891 1414 991; baseline 0.003 -24"><span class='ocrx_word' id='word_1_14' title='bbox 296 891 378 969; x_wconf 90' lang='lat' dir='ltr'><strong>Hoc</strong></span> <span class='ocrx_word' id='word_1_15' title='bbox 401 894 434 968; x_wconf 90' lang='lat' dir='ltr'><strong>si</strong></span> <span class='ocrx_word' id='word_1_16' title='bbox 458 903 639 987; x_wconf 90' lang='lat' dir='ltr'><strong>tenemus,</strong></span> <span class='ocrx_word' id='word_1_17' title='bbox 672 893 847 991; x_wconf 86' lang='lat' dir='ltr'><strong>Mygalen</strong></span> <span class='ocrx_word' id='word_1_18' title='bbox 872 917 950 969; x_wconf 89' lang='lat' dir='ltr'><strong>esse</strong></span> <span class='ocrx_word' id='word_1_19' title='bbox 974 895 1226 987; x_wconf 87' lang='lat' dir='ltr'><strong>concubinam,</strong></span> <span class='ocrx_word' id='word_1_20' title='bbox 1240 896 1362 970; x_wconf 89' lang='lat' dir='ltr'><strong>statim</strong></span> <span class='ocrx_word' id='word_1_21' title='bbox 1375 896 1414 970; x_wconf 93' lang='lat' dir='ltr'><strong>in</strong></span> 
     </span>
     <span class='ocr_line' id='line_1_5' title="bbox 247 1036 1414 1133; baseline 0.003 -23"><span class='ocrx_word' id='word_1_22' title='bbox 247 1036 369 1110; x_wconf 84' lang='lat' dir='ltr'><strong>oculos</strong></span> <span class='ocrx_word' id='word_1_23' title='bbox 401 1036 555 1110; x_wconf 75' lang='lat' dir='ltr'><strong>incurrit</strong></span> <span class='ocrx_word' id='word_1_24' title='bbox 588 1059 655 1110; x_wconf 91' lang='lat' dir='ltr'><strong>cur</strong></span> <span class='ocrx_word' id='word_1_25' title='bbox 680 1037 915 1133; x_wconf 85' lang='lat' dir='ltr'><strong>interpolator</strong></span> <span class='ocrx_word' id='word_1_26' title='bbox 936 1036 1075 1132; x_wconf 87' lang='lat' dir='ltr'><strong>aliquid</strong></span> <span class='ocrx_word' id='word_1_27' title='bbox 1100 1039 1186 1112; x_wconf 88' lang='lat' dir='ltr'><strong>novi</strong></span> <span class='ocrx_word' id='word_1_28' title='bbox 1211 1036 1414 1113; x_wconf 90' lang='lat' dir='ltr'><strong>addendum</strong></span> 
     </span>
     <span class='ocr_line' id='line_1_6' title="bbox 246 1177 1414 1278; baseline 0.003 -25"><span class='ocrx_word' id='word_1_29' title='bbox 246 1200 323 1253; x_wconf 85' lang='lat' dir='ltr'><strong>esse</strong></span> <span class='ocrx_word' id='word_1_30' title='bbox 354 1179 547 1274; x_wconf 87' lang='lat' dir='ltr'><strong>putaverit.</strong></span> <span class='ocrx_word' id='word_1_31' title='bbox 583 1177 817 1253; x_wconf 82' lang='lat' dir='ltr'><strong>Desideravit</strong></span> <span class='ocrx_word' id='word_1_32' title='bbox 851 1180 947 1253; x_wconf 92' lang='lat' dir='ltr'><strong>enim</strong></span> <span class='ocrx_word' id='word_1_33' title='bbox 980 1181 1130 1255; x_wconf 91' lang='lat' dir='ltr'><strong>verbum</strong></span> <span class='ocrx_word' id='word_1_34' title='bbox 1153 1180 1250 1275; x_wconf 91' lang='lat' dir='ltr'><strong>quod</strong></span> <span class='ocrx_word' id='word_1_35' title='bbox 1276 1182 1414 1278; x_wconf 92' lang='lat' dir='ltr'><strong>opposi-</strong></span> 
     </span>
     <span class='ocr_line' id='line_1_7' title="bbox 246 1320 1414 1419; baseline 0.003 -25"><span class='ocrx_word' id='word_1_36' title='bbox 246 1328 323 1394; x_wconf 91' lang='lat' dir='ltr'><strong>tum</strong></span> <span class='ocrx_word' id='word_1_37' title='bbox 359 1329 453 1395; x_wconf 88' lang='lat' dir='ltr'><strong>esset</strong></span> <span class='ocrx_word' id='word_1_38' title='bbox 490 1322 600 1396; x_wconf 88' lang='lat' dir='ltr'><strong>verbo</strong></span> <span class='ocrx_word' id='word_1_39' title='bbox 640 1320 832 1419; x_wconf 83' lang='lat' dir='ltr'><strong>„Mygale”</strong></span> <span class='ocrx_word' id='word_1_40' title='bbox 872 1331 908 1395; x_wconf 93' lang='lat' dir='ltr'><strong>et</strong></span> <span class='ocrx_word' id='word_1_41' title='bbox 946 1345 1089 1397; x_wconf 87' lang='lat' dir='ltr'><strong>versum</strong></span> <span class='ocrx_word' id='word_1_42' title='bbox 1128 1325 1326 1399; x_wconf 86' lang='lat' dir='ltr'><strong>fabricatus</strong></span> <span class='ocrx_word' id='word_1_43' title='bbox 1359 1333 1414 1398; x_wconf 87' lang='lat' dir='ltr'><strong>est</strong></span> 
     </span>
     <span class='ocr_line' id='line_1_8' title="bbox 247 1463 1413 1560; baseline 0.004 -24"><span class='ocrx_word' id='word_1_44' title='bbox 247 1463 349 1538; x_wconf 88' lang='lat' dir='ltr'><strong>cuius</strong></span> <span class='ocrx_word' id='word_1_45' title='bbox 382 1463 442 1538; x_wconf 91' lang='lat' dir='ltr'><strong>hic</strong></span> <span class='ocrx_word' id='word_1_46' title='bbox 476 1465 731 1560; x_wconf 83' lang='lat' dir='ltr'><strong>praestantiam</strong></span> <span class='ocrx_word' id='word_1_47' title='bbox 764 1486 953 1560; x_wconf 90' lang='lat' dir='ltr'><strong>possumus</strong></span> <span class='ocrx_word' id='word_1_48' title='bbox 986 1465 1119 1539; x_wconf 88' lang='lat' dir='ltr'><strong>mirari.</strong></span> <span class='ocrx_word' id='word_1_49' title='bbox 1155 1466 1294 1540; x_wconf 85' lang='lat' dir='ltr'><strong>Tamen</strong></span> <span class='ocrx_word' id='word_1_50' title='bbox 1320 1467 1413 1540; x_wconf 90' lang='lat' dir='ltr'><strong>nihil</strong></span> 
     </span>
     <span class='ocr_line' id='line_1_9' title="bbox 245 1603 1412 1706; baseline 0.005 -27"><span class='ocrx_word' id='word_1_51' title='bbox 245 1603 354 1680; x_wconf 86' lang='lat' dir='ltr'><strong>deest.</strong></span> <span class='ocrx_word' id='word_1_52' title='bbox 394 1605 489 1680; x_wconf 89' lang='lat' dir='ltr'><strong>Nam</strong></span> <span class='ocrx_word' id='word_1_53' title='bbox 525 1606 621 1701; x_wconf 91' lang='lat' dir='ltr'><strong>quod</strong></span> <span class='ocrx_word' id='word_1_54' title='bbox 658 1607 721 1680; x_wconf 91' lang='lat' dir='ltr'><strong>ille</strong></span> <span class='ocrx_word' id='word_1_55' title='bbox 760 1629 846 1680; x_wconf 89' lang='lat' dir='ltr'><strong>voce</strong></span> <span class='ocrx_word' id='word_1_56' title='bbox 883 1629 977 1701; x_wconf 90' lang='lat' dir='ltr'><strong>quae</strong></span> <span class='ocrx_word' id='word_1_57' title='bbox 1010 1617 1065 1681; x_wconf 91' lang='lat' dir='ltr'><strong>est</strong></span> <span class='ocrx_word' id='word_1_58' title='bbox 1100 1608 1237 1703; x_wconf 83' lang='lat' dir='ltr'><strong>„uxor”</strong></span> <span class='ocrx_word' id='word_1_59' title='bbox 1269 1612 1412 1706; x_wconf 78' lang='lat' dir='ltr'><strong>putarit</strong></span> 
     </span>
     <span class='ocr_line' id='line_1_10' title="bbox 245 1747 1413 1846; baseline 0.004 -25"><span class='ocrx_word' id='word_1_60' title='bbox 245 1747 492 1842; x_wconf 84' lang='lat' dir='ltr'><strong>inserendum,</strong></span> <span class='ocrx_word' id='word_1_61' title='bbox 518 1749 591 1823; x_wconf 91' lang='lat' dir='ltr'><strong>iam</strong></span> <span class='ocrx_word' id='word_1_62' title='bbox 616 1773 639 1822; x_wconf 90' lang='lat' dir='ltr'><strong>a</strong></span> <span class='ocrx_word' id='word_1_63' title='bbox 663 1757 768 1845; x_wconf 90' lang='lat' dir='ltr'><strong>poeta</strong></span> <span class='ocrx_word' id='word_1_64' title='bbox 792 1748 928 1823; x_wconf 93' lang='lat' dir='ltr'><strong>dictum</strong></span> <span class='ocrx_word' id='word_1_65' title='bbox 946 1758 1023 1823; x_wconf 92' lang='lat' dir='ltr'><strong>erat</strong></span> <span class='ocrx_word' id='word_1_66' title='bbox 1035 1749 1094 1822; x_wconf 86' lang='lat' dir='ltr'><strong>his</strong></span> <span class='ocrx_word' id='word_1_67' title='bbox 1106 1751 1240 1826; x_wconf 88' lang='lat' dir='ltr'><strong>verbis:</strong></span> <span class='ocrx_word' id='word_1_68' title='bbox 1267 1753 1413 1846; x_wconf 83' lang='lat' dir='ltr'><strong>„nullus</strong></span> 
     </span>
     <span class='ocr_line' id='line_1_11' title="bbox 244 1890 1409 1991; baseline 0.005 -28"><span class='ocrx_word' id='word_1_69' title='bbox 244 1890 313 1964; x_wconf 91' lang='lat' dir='ltr'><strong>tibi</strong></span> <span class='ocrx_word' id='word_1_70' title='bbox 336 1891 508 1986; x_wconf 90' lang='lat' dir='ltr'><strong>parvolus</strong></span> <span class='ocrx_word' id='word_1_71' title='bbox 531 1891 617 1965; x_wconf 91' lang='lat' dir='ltr'><strong>aula</strong></span> <span class='ocrx_word' id='word_1_72' title='bbox 641 1891 769 1965; x_wconf 81' lang='lat' dir='ltr'><strong>luserit</strong></span> <span class='ocrx_word' id='word_1_73' title='bbox 794 1890 958 1965; x_wconf 88' lang='lat' dir='ltr'><strong>Aeneas&#39;’</strong></span> <span class='ocrx_word' id='word_1_74' title='bbox 985 1915 1061 1987; x_wconf 89' lang='lat' dir='ltr'><strong>sqq.</strong></span> <span class='ocrx_word' id='word_1_75' title='bbox 1089 1891 1192 1983; x_wconf 78' lang='lat' dir='ltr'><strong>Quae</strong></span> <span class='ocrx_word' id='word_1_76' title='bbox 1217 1916 1299 1968; x_wconf 90' lang='lat' dir='ltr'><strong>cum</strong></span> <span class='ocrx_word' id='word_1_77' title='bbox 1312 1918 1409 1991; x_wconf 83' lang='lat' dir='ltr'><strong>repe</strong></span> 
     </span>
     <span class='ocr_line' id='line_1_12' title="bbox 244 2032 1412 2131; baseline 0.003 -25"><span class='ocrx_word' id='word_1_78' title='bbox 244 2033 313 2107; x_wconf 89' lang='lat' dir='ltr'><strong>tita</strong></span> <span class='ocrx_word' id='word_1_79' title='bbox 343 2034 417 2108; x_wconf 90' lang='lat' dir='ltr'><strong>sint</strong></span> <span class='ocrx_word' id='word_1_80' title='bbox 447 2056 493 2108; x_wconf 87' lang='lat' dir='ltr'><strong>ex</strong></span> <span class='ocrx_word' id='word_1_81' title='bbox 518 2032 629 2128; x_wconf 88' lang='lat' dir='ltr'><strong>Verg.</strong></span> <span class='ocrx_word' id='word_1_82' title='bbox 656 2032 747 2106; x_wconf 86' lang='lat' dir='ltr'><strong>Aen.</strong></span> <span class='ocrx_word' id='word_1_83' title='bbox 774 2032 856 2106; x_wconf 87' lang='lat'>1111</span> <span class='ocrx_word' id='word_1_84' title='bbox 884 2034 954 2107; x_wconf 77' lang='lat'><strong>327</strong></span> <span class='ocrx_word' id='word_1_85' title='bbox 966 2091 974 2127; x_wconf 85' lang='lat'>‚</span> <span class='ocrx_word' id='word_1_86' title='bbox 1001 2035 1065 2109; x_wconf 91' lang='lat' dir='ltr'><strong>ubi</strong></span> <span class='ocrx_word' id='word_1_87' title='bbox 1091 2034 1190 2110; x_wconf 92' lang='lat' dir='ltr'><strong>Dido</strong></span> <span class='ocrx_word' id='word_1_88' title='bbox 1215 2037 1342 2131; x_wconf 82' lang='lat' dir='ltr'><strong>regina</strong></span> <span class='ocrx_word' id='word_1_89' title='bbox 1367 2036 1412 2110; x_wconf 91' lang='lat' dir='ltr'><strong>de</strong></span> 
     </span>
     <span class='ocr_line' id='line_1_13' title="bbox 243 2175 1410 2275; baseline 0.003 -25"><span class='ocrx_word' id='word_1_90' title='bbox 243 2175 320 2250; x_wconf 86' lang='lat' dir='ltr'><strong>lilio</strong></span> <span class='ocrx_word' id='word_1_91' title='bbox 351 2176 558 2251; x_wconf 91' lang='lat' dir='ltr'><strong>adulterino</strong></span> <span class='ocrx_word' id='word_1_92' title='bbox 591 2184 687 2251; x_wconf 92' lang='lat' dir='ltr'><strong>certe</strong></span> <span class='ocrx_word' id='word_1_93' title='bbox 720 2198 791 2250; x_wconf 95' lang='lat' dir='ltr'><strong>non</strong></span> <span class='ocrx_word' id='word_1_94' title='bbox 817 2177 953 2271; x_wconf 87' lang='lat' dir='ltr'><strong>cogitat</strong></span> <span class='ocrx_word' id='word_1_95' title='bbox 981 2175 1091 2275; x_wconf 91' lang='lat' dir='ltr'><strong>(quod</strong></span> <span class='ocrx_word' id='word_1_96' title='bbox 1116 2186 1158 2251; x_wconf 90' lang='lat' dir='ltr'><strong>ut</strong></span> <span class='ocrx_word' id='word_1_97' title='bbox 1183 2201 1247 2275; x_wconf 88' lang='lat' dir='ltr'><strong>per</strong></span> <span class='ocrx_word' id='word_1_98' title='bbox 1272 2201 1311 2253; x_wconf 90' lang='lat' dir='ltr'><strong>se</strong></span> <span class='ocrx_word' id='word_1_99' title='bbox 1337 2203 1410 2253; x_wconf 93' lang='lat' dir='ltr'><strong>ma·</strong></span> 
     </span>
     <span class='ocr_line' id='line_1_14' title="bbox 243 2319 1408 2420; baseline 0.004 -29"><span class='ocrx_word' id='word_1_100' title='bbox 243 2319 414 2392; x_wconf 85' lang='lat' dir='ltr'><strong>nifestnm</strong></span> <span class='ocrx_word' id='word_1_101' title='bbox 454 2326 527 2411; x_wconf 91' lang='lat' dir='ltr'><strong>est,</strong></span> <span class='ocrx_word' id='word_1_102' title='bbox 575 2319 628 2394; x_wconf 90' lang='lat' dir='ltr'><strong>ita</strong></span> <span class='ocrx_word' id='word_1_103' title='bbox 663 2343 683 2393; x_wconf 91' lang='lat' dir='ltr'><strong>e</strong></span> <span class='ocrx_word' id='word_1_104' title='bbox 722 2342 791 2393; x_wconf 89' lang='lat' dir='ltr'><strong>vss.</strong></span> <span class='ocrx_word' id='word_1_105' title='bbox 831 2323 901 2393; x_wconf 84' lang='grc'><strong>313</strong></span> <span class='ocrx_word' id='word_1_106' title='bbox 939 2329 976 2393; x_wconf 93' lang='lat' dir='ltr'><strong>et</strong></span> <span class='ocrx_word' id='word_1_107' title='bbox 1009 2323 1079 2394; x_wconf 86' lang='grc'><strong>339</strong></span> <span class='ocrx_word' id='word_1_108' title='bbox 1113 2319 1256 2395; x_wconf 84' lang='lat' dir='ltr'><strong>abunde</strong></span> <span class='ocrx_word' id='word_1_109' title='bbox 1294 2321 1408 2420; x_wconf 83' lang='lat' dir='ltr'><strong>patet)</strong></span> 
     </span>
     <span class='ocr_line' id='line_1_15' title="bbox 243 2460 1411 2556; baseline 0.005 -22"><span class='ocrx_word' id='word_1_110' title='bbox 243 2460 488 2556; x_wconf 83' lang='lat' dir='ltr'><strong>intellegenda</strong></span> <span class='ocrx_word' id='word_1_111' title='bbox 519 2469 606 2535; x_wconf 90' lang='lat' dir='ltr'><strong>sunt</strong></span> <span class='ocrx_word' id='word_1_112' title='bbox 639 2461 683 2536; x_wconf 92' lang='lat' dir='ltr'><strong>de</strong></span> <span class='ocrx_word' id='word_1_113' title='bbox 716 2462 792 2535; x_wconf 90' lang='lat' dir='ltr'><strong>filio</strong></span> <span class='ocrx_word' id='word_1_114' title='bbox 816 2463 911 2536; x_wconf 91' lang='lat' dir='ltr'><strong>iusto</strong></span> <span class='ocrx_word' id='word_1_115' title='bbox 938 2463 1162 2536; x_wconf 90' lang='lat' dir='ltr'><strong>matrimonio</strong></span> <span class='ocrx_word' id='word_1_116' title='bbox 1188 2474 1283 2538; x_wconf 90' lang='lat' dir='ltr'><strong>nato.</strong></span> <span class='ocrx_word' id='word_1_117' title='bbox 1315 2465 1411 2540; x_wconf 83' lang='lat' dir='ltr'><strong>Tum</strong></span> 
     </span>
     <span class='ocr_line' id='line_1_16' title="bbox 243 2603 1411 2705; baseline 0.004 -28"><span class='ocrx_word' id='word_1_118' title='bbox 243 2625 370 2679; x_wconf 94' lang='lat' dir='ltr'><strong>nomen</strong></span> <span class='ocrx_word' id='word_1_119' title='bbox 393 2603 581 2699; x_wconf 85' lang='lat' dir='ltr'><strong>„Aeneas”</strong></span> <span class='ocrx_word' id='word_1_120' title='bbox 608 2603 821 2678; x_wconf 90' lang='lat' dir='ltr'><strong>documento</strong></span> <span class='ocrx_word' id='word_1_121' title='bbox 847 2614 911 2678; x_wconf 92' lang='lat' dir='ltr'><strong>est.</strong></span> <span class='ocrx_word' id='word_1_122' title='bbox 939 2603 1068 2700; x_wconf 91' lang='lat' dir='ltr'><strong>Itaque</strong></span> <span class='ocrx_word' id='word_1_123' title='bbox 1088 2607 1183 2680; x_wconf 89' lang='lat' dir='ltr'><strong>inter</strong></span> <span class='ocrx_word' id='word_1_124' title='bbox 1196 2631 1234 2682; x_wconf 91' lang='lat' dir='ltr'><strong>se</strong></span> <span class='ocrx_word' id='word_1_125' title='bbox 1247 2609 1411 2705; x_wconf 88' lang='lat' dir='ltr'><strong>opposita</strong></span> 
     </span>
     <span class='ocr_line' id='line_1_17' title="bbox 242 2746 1407 2848; baseline 0.001 -25"><span class='ocrx_word' id='word_1_126' title='bbox 242 2756 327 2823; x_wconf 89' lang='lat' dir='ltr'><strong>sunt</strong></span> <span class='ocrx_word' id='word_1_127' title='bbox 350 2749 462 2822; x_wconf 88' lang='lat' dir='ltr'><strong>verba</strong></span> <span class='ocrx_word' id='word_1_128' title='bbox 488 2747 637 2842; x_wconf 84' lang='lat' dir='ltr'><strong>„luserit</strong></span> <span class='ocrx_word' id='word_1_129' title='bbox 662 2746 839 2838; x_wconf 81' lang='lat' dir='ltr'><strong>Aeneas&#39;&#39;,</strong></span> <span class='ocrx_word' id='word_1_130' title='bbox 862 2754 898 2821; x_wconf 93' lang='lat' dir='ltr'><strong>et</strong></span> <span class='ocrx_word' id='word_1_131' title='bbox 922 2748 1006 2838; x_wconf 88' lang='lat' dir='ltr'><strong>„sed</strong></span> <span class='ocrx_word' id='word_1_132' title='bbox 1031 2757 1096 2823; x_wconf 90' lang='lat' dir='ltr'><strong>tua</strong></span> <span class='ocrx_word' id='word_1_133' title='bbox 1115 2772 1212 2824; x_wconf 91' lang='lat' dir='ltr'><strong>nunc</strong></span> <span class='ocrx_word' id='word_1_134' title='bbox 1226 2750 1407 2848; x_wconf 86' lang='lat' dir='ltr'><strong>Mygale’&#39;‚</strong></span> 
     </span>
     <span class='ocr_line' id='line_1_18' title="bbox 241 2889 1411 2986; baseline 0.003 -23"><span class='ocrx_word' id='word_1_135' title='bbox 241 2889 471 2985; x_wconf 88' lang='lat' dir='ltr'><strong>quodetiam</strong></span> <span class='ocrx_word' id='word_1_136' title='bbox 495 2890 669 2986; x_wconf 89' lang='lat' dir='ltr'><strong>probatur</strong></span> <span class='ocrx_word' id='word_1_137' title='bbox 695 2911 736 2963; x_wconf 90' lang='lat' dir='ltr'><strong>eo</strong></span> <span class='ocrx_word' id='word_1_138' title='bbox 761 2898 887 2985; x_wconf 91' lang='lat' dir='ltr'><strong>poetae</strong></span> <span class='ocrx_word' id='word_1_139' title='bbox 912 2890 1082 2984; x_wconf 90' lang='lat' dir='ltr'><strong>loquendi</strong></span> <span class='ocrx_word' id='word_1_140' title='bbox 1107 2913 1177 2965; x_wconf 93' lang='lat' dir='ltr'><strong>usu</strong></span> <span class='ocrx_word' id='word_1_141' title='bbox 1194 2901 1236 2965; x_wconf 94' lang='lat' dir='ltr'><strong>ut</strong></span> <span class='ocrx_word' id='word_1_142' title='bbox 1249 2893 1411 2966; x_wconf 89' lang='lat' dir='ltr'><strong>notiones</strong></span> 
     </span>
     <span class='ocr_line' id='line_1_19' title="bbox 242 3031 1410 3130; baseline 0.002 -24"><span class='ocrx_word' id='word_1_143' title='bbox 242 3033 336 3106; x_wconf 90' lang='lat' dir='ltr'><strong>inter</strong></span> <span class='ocrx_word' id='word_1_144' title='bbox 360 3055 399 3107; x_wconf 90' lang='lat' dir='ltr'><strong>se</strong></span> <span class='ocrx_word' id='word_1_145' title='bbox 424 3032 605 3129; x_wconf 86' lang='lat' dir='ltr'><strong>oppositas</strong></span> <span class='ocrx_word' id='word_1_146' title='bbox 630 3033 742 3126; x_wconf 87' lang='lat' dir='ltr'><strong>vulgo</strong></span> <span class='ocrx_word' id='word_1_147' title='bbox 769 3031 892 3105; x_wconf 86' lang='lat' dir='ltr'><strong>eadem</strong></span> <span class='ocrx_word' id='word_1_148' title='bbox 914 3055 1039 3106; x_wconf 87' lang='lat' dir='ltr'><strong>versus</strong></span> <span class='ocrx_word' id='word_1_149' title='bbox 1060 3032 1144 3106; x_wconf 91' lang='lat' dir='ltr'><strong>sede</strong></span> <span class='ocrx_word' id='word_1_150' title='bbox 1156 3044 1283 3130; x_wconf 89' lang='lat' dir='ltr'><strong>ponat,</strong></span> <span class='ocrx_word' id='word_1_151' title='bbox 1306 3034 1410 3108; x_wconf 91' lang='lat' dir='ltr'><strong>cuius</strong></span> 
     </span>
     <span class='ocr_line' id='line_1_20' title="bbox 241 3173 1408 3273; baseline 0.001 -24"><span class='ocrx_word' id='word_1_152' title='bbox 241 3197 329 3249; x_wconf 90' lang='lat' dir='ltr'><strong>usus</strong></span> <span class='ocrx_word' id='word_1_153' title='bbox 353 3175 467 3248; x_wconf 88' lang='lat' dir='ltr'><strong>multa</strong></span> <span class='ocrx_word' id='word_1_154' title='bbox 490 3175 655 3270; x_wconf 83' lang='lat' dir='ltr'><strong>exempla</strong></span> <span class='ocrx_word' id='word_1_155' title='bbox 679 3175 799 3248; x_wconf 87' lang='lat' dir='ltr'><strong>afferri</strong></span> <span class='ocrx_word' id='word_1_156' title='bbox 824 3184 983 3271; x_wconf 91' lang='lat' dir='ltr'><strong>possunt.</strong></span> <span class='ocrx_word' id='word_1_157' title='bbox 1007 3173 1063 3249; x_wconf 82' lang='lat' dir='ltr'><strong>Of.</strong></span> <span class='ocrx_word' id='word_1_158' title='bbox 1085 3175 1262 3249; x_wconf 86' lang='lat' dir='ltr'><strong>Kiaerum</strong></span> <span class='ocrx_word' id='word_1_159' title='bbox 1275 3200 1357 3273; x_wconf 83' lang='lat' dir='ltr'><strong>pag.</strong></span> <span class='ocrx_word' id='word_1_160' title='bbox 1374 3179 1408 3250; x_wconf 81' lang='lat'><strong>5.</strong></span> 
     </span>
    </p>
   </div>
   <div class='ocr_carea' id='block_1_3' title="bbox 289 3316 1410 3413">
    <p class='ocr_par' dir='ltr' id='par_1_4' title="bbox 289 3316 1410 3413">
     <span class='ocr_line' id='line_1_21' title="bbox 289 3316 1410 3413; baseline 0.004 -23"><span class='ocrx_word' id='word_1_161' title='bbox 289 3316 386 3391; x_wconf 88' lang='lat' dir='ltr'><strong>Tum</strong></span> <span class='ocrx_word' id='word_1_162' title='bbox 419 3317 615 3409; x_wconf 88' lang='lat' dir='ltr'><strong>sententia,</strong></span> <span class='ocrx_word' id='word_1_163' title='bbox 655 3339 748 3413; x_wconf 87' lang='lat' dir='ltr'><strong>quae</strong></span> <span class='ocrx_word' id='word_1_164' title='bbox 782 3325 837 3391; x_wconf 92' lang='lat' dir='ltr'><strong>est</strong></span> <span class='ocrx_word' id='word_1_165' title='bbox 861 3318 1058 3412; x_wconf 84' lang='lat' dir='ltr'><strong>generalis,</strong></span> <span class='ocrx_word' id='word_1_166' title='bbox 1095 3319 1268 3393; x_wconf 88' lang='lat' dir='ltr'><strong>latissime</strong></span> <span class='ocrx_word' id='word_1_167' title='bbox 1291 3327 1410 3395; x_wconf 91' lang='lat' dir='ltr'><strong>tamen</strong></span> 
     </span>
    </p>
   </div>
   <div class='ocr_carea' id='block_1_4' title="bbox 238 3459 1408 4419">
    <p class='ocr_par' dir='ltr' id='par_1_5' title="bbox 238 3459 1408 4419">
     <span class='ocr_line' id='line_1_22' title="bbox 240 3459 1408 3558; baseline 0.004 -26"><span class='ocrx_word' id='word_1_168' title='bbox 240 3466 363 3555; x_wconf 89' lang='lat' dir='ltr'><strong>patere</strong></span> <span class='ocrx_word' id='word_1_169' title='bbox 399 3481 471 3533; x_wconf 91' lang='lat' dir='ltr'><strong>non</strong></span> <span class='ocrx_word' id='word_1_170' title='bbox 495 3466 629 3555; x_wconf 85' lang='lat' dir='ltr'><strong>potest,</strong></span> <span class='ocrx_word' id='word_1_171' title='bbox 667 3483 749 3533; x_wconf 89' lang='lat' dir='ltr'><strong>nam</strong></span> <span class='ocrx_word' id='word_1_172' title='bbox 774 3459 818 3533; x_wconf 92' lang='lat' dir='ltr'><strong>de</strong></span> <span class='ocrx_word' id='word_1_173' title='bbox 843 3482 956 3533; x_wconf 85' lang='lat' dir='ltr'><strong>uxore</strong></span> <span class='ocrx_word' id='word_1_174' title='bbox 982 3463 1150 3557; x_wconf 89' lang='lat' dir='ltr'><strong>pauperis</strong></span> <span class='ocrx_word' id='word_1_175' title='bbox 1175 3462 1246 3536; x_wconf 90' lang='lat' dir='ltr'><strong>dici</strong></span> <span class='ocrx_word' id='word_1_176' title='bbox 1273 3465 1408 3558; x_wconf 86' lang='lat' dir='ltr'><strong>nequit.</strong></span> 
     </span>
     <span class='ocr_line' id='line_1_23' title="bbox 289 3601 1408 3700; baseline 0.005 -26"><span class='ocrx_word' id='word_1_177' title='bbox 289 3601 439 3678; x_wconf 86' lang='lat' dir='ltr'><strong>Accedit</strong></span> <span class='ocrx_word' id='word_1_178' title='bbox 463 3603 560 3699; x_wconf 91' lang='lat' dir='ltr'><strong>qnod</strong></span> <span class='ocrx_word' id='word_1_179' title='bbox 581 3603 760 3695; x_wconf 85' lang='lat' dir='ltr'><strong>notiones,</strong></span> <span class='ocrx_word' id='word_1_180' title='bbox 787 3626 880 3698; x_wconf 91' lang='lat' dir='ltr'><strong>quae</strong></span> <span class='ocrx_word' id='word_1_181' title='bbox 893 3604 1016 3678; x_wconf 89' lang='lat' dir='ltr'><strong>insunt</strong></span> <span class='ocrx_word' id='word_1_182' title='bbox 1030 3605 1150 3679; x_wconf 91' lang='lat' dir='ltr'><strong>verbis</strong></span> <span class='ocrx_word' id='word_1_183' title='bbox 1166 3605 1408 3700; x_wconf 85' lang='lat' dir='ltr'><strong>„iucundum”</strong></span> 
     </span>
     <span class='ocr_line' id='line_1_24' title="bbox 239 3745 1408 3842; baseline -0.001 -19"><span class='ocrx_word' id='word_1_184' title='bbox 239 3754 276 3823; x_wconf 80' lang='lat' dir='ltr'><strong>ct</strong></span> <span class='ocrx_word' id='word_1_185' title='bbox 302 3745 470 3839; x_wconf 85' lang='lat' dir='ltr'><strong>„carum”</strong></span> <span class='ocrx_word' id='word_1_186' title='bbox 498 3755 533 3821; x_wconf 91' lang='lat' dir='ltr'><strong>et</strong></span> <span class='ocrx_word' id='word_1_187' title='bbox 561 3746 759 3842; x_wconf 84' lang='lat' dir='ltr'><strong>„amicum”</strong></span> <span class='ocrx_word' id='word_1_188' title='bbox 773 3748 927 3821; x_wconf 86' lang='lat' dir='ltr'><strong>leviores</strong></span> <span class='ocrx_word' id='word_1_189' title='bbox 938 3757 1033 3822; x_wconf 90' lang='lat' dir='ltr'><strong>sunt.</strong></span> <span class='ocrx_word' id='word_1_190' title='bbox 1058 3748 1222 3823; x_wconf 85' lang='lat' dir='ltr'><strong>Divitiae</strong></span> <span class='ocrx_word' id='word_1_191' title='bbox 1234 3749 1408 3824; x_wconf 86' lang='lat' dir='ltr'><strong>Trebium</strong></span> 
     </span>
     <span class='ocr_line' id='line_1_25' title="bbox 239 3888 1408 3987; baseline 0.004 -25"><span class='ocrx_word' id='word_1_192' title='bbox 239 3888 311 3962; x_wconf 91' lang='lat' dir='ltr'><strong>iam</strong></span> <span class='ocrx_word' id='word_1_193' title='bbox 343 3888 498 3964; x_wconf 88' lang='lat' dir='ltr'><strong>reddunt</strong></span> <span class='ocrx_word' id='word_1_194' title='bbox 531 3890 728 3965; x_wconf 91' lang='lat' dir='ltr'><strong>iucundum</strong></span> <span class='ocrx_word' id='word_1_195' title='bbox 761 3897 798 3964; x_wconf 93' lang='lat' dir='ltr'><strong>et</strong></span> <span class='ocrx_word' id='word_1_196' title='bbox 833 3913 972 3968; x_wconf 89' lang='lat' dir='ltr'><strong>carum:</strong></span> <span class='ocrx_word' id='word_1_197' title='bbox 1010 3899 1089 3987; x_wconf 89' lang='lat' dir='ltr'><strong>post</strong></span> <span class='ocrx_word' id='word_1_198' title='bbox 1123 3892 1189 3966; x_wconf 88' lang='lat' dir='ltr'><strong>illa</strong></span> <span class='ocrx_word' id='word_1_199' title='bbox 1221 3892 1408 3986; x_wconf 86' lang='lat' dir='ltr'><strong>„dominus</strong></span> 
     </span>
     <span class='ocr_line' id='line_1_26' title="bbox 239 4031 1406 4132; baseline 0.004 -27"><span class='ocrx_word' id='word_1_200' title='bbox 239 4040 275 4105; x_wconf 89' lang='lat' dir='ltr'><strong>et</strong></span> <span class='ocrx_word' id='word_1_201' title='bbox 308 4031 444 4106; x_wconf 93' lang='lat' dir='ltr'><strong>domini</strong></span> <span class='ocrx_word' id='word_1_202' title='bbox 476 4056 541 4107; x_wconf 84' lang='lat' dir='ltr'><strong>rex</strong></span> <span class='ocrx_word' id='word_1_203' title='bbox 574 4033 605 4107; x_wconf 91' lang='lat' dir='ltr'><strong>si</strong></span> <span class='ocrx_word' id='word_1_204' title='bbox 641 4033 698 4107; x_wconf 88' lang='lat' dir='ltr'><strong>vis</strong></span> <span class='ocrx_word' id='word_1_205' title='bbox 723 4041 763 4107; x_wconf 94' lang='lat' dir='ltr'><strong>tu</strong></span> <span class='ocrx_word' id='word_1_206' title='bbox 789 4033 890 4108; x_wconf 86' lang='lat' dir='ltr'><strong>fieri’&#39;</strong></span> <span class='ocrx_word' id='word_1_207' title='bbox 918 4044 1103 4132; x_wconf 80' lang='lat' dir='ltr'><strong>exspectes</strong></span> <span class='ocrx_word' id='word_1_208' title='bbox 1128 4036 1201 4110; x_wconf 90' lang='lat' dir='ltr'><strong>alia</strong></span> <span class='ocrx_word' id='word_1_209' title='bbox 1226 4037 1406 4131; x_wconf 82' lang='lat' dir='ltr'><strong>graviora.</strong></span> 
     </span>
     <span class='ocr_line' id='line_1_27' title="bbox 238 4172 1406 4272; baseline 0.004 -24"><span class='ocrx_word' id='word_1_210' title='bbox 238 4172 374 4249; x_wconf 90' lang='lat' dir='ltr'><strong>Vocem</strong></span> <span class='ocrx_word' id='word_1_211' title='bbox 409 4174 606 4270; x_wconf 79' lang='lat' dir='ltr'><strong>„amicum”</strong></span> <span class='ocrx_word' id='word_1_212' title='bbox 638 4175 829 4251; x_wconf 87' lang='lat' dir='ltr'><strong>admodum</strong></span> <span class='ocrx_word' id='word_1_213' title='bbox 853 4177 986 4272; x_wconf 84' lang='lat' dir='ltr'><strong>frigere</strong></span> <span class='ocrx_word' id='word_1_214' title='bbox 1012 4179 1121 4252; x_wconf 90' lang='lat' dir='ltr'><strong>etiam</strong></span> <span class='ocrx_word' id='word_1_215' title='bbox 1146 4178 1308 4253; x_wconf 90' lang='lat' dir='ltr'><strong>concedit</strong></span> <span class='ocrx_word' id='word_1_216' title='bbox 1334 4178 1406 4253; x_wconf 93' lang='lat' dir='ltr'><strong>Ln-</strong></span> 
     </span>
     <span class='ocr_line' id='line_1_28' title="bbox 238 4315 1338 4419; baseline 0.004 -28"><span class='ocrx_word' id='word_1_217' title='bbox 238 4339 307 4413; x_wconf 89' lang='lat' dir='ltr'><strong>pus</strong></span> <span class='ocrx_word' id='word_1_218' title='bbox 318 4315 346 4416; x_wconf 89' lang='lat'><strong>¹)</strong></span> <span class='ocrx_word' id='word_1_219' title='bbox 373 4319 579 4414; x_wconf 76' lang='lat' dir='ltr'><strong>ceteroquin</strong></span> <span class='ocrx_word' id='word_1_220' title='bbox 603 4340 748 4393; x_wconf 88' lang='lat' dir='ltr'><strong>versum</strong></span> <span class='ocrx_word' id='word_1_221' title='bbox 771 4318 965 4395; x_wconf 90' lang='lat' dir='ltr'><strong>defendens</strong></span> <span class='ocrx_word' id='word_1_222' title='bbox 990 4329 1027 4394; x_wconf 88' lang='lat' dir='ltr'><strong>et</strong></span> <span class='ocrx_word' id='word_1_223' title='bbox 1052 4319 1338 4419; x_wconf 72' lang='lat' dir='ltr'><strong>Meinertzius2).</strong></span> 
     </span>
    </p>
   </div>
   <div class='ocr_carea' id='block_1_5' title="bbox 280 4505 1405 4694">
    <p class='ocr_par' dir='ltr' id='par_1_6' title="bbox 280 4505 1405 4694">
     <span class='ocr_line' id='line_1_29' title="bbox 281 4505 901 4586; baseline 0.002 -20"><span class='ocrx_word' id='word_1_224' title='bbox 281 4507 306 4582; x_wconf 88' lang='lat'><strong>¹)</strong></span> <span class='ocrx_word' id='word_1_225' title='bbox 325 4505 467 4586; x_wconf 82' lang='lat' dir='ltr'><strong>Lupus.</strong></span> <span class='ocrx_word' id='word_1_226' title='bbox 487 4505 580 4567; x_wconf 87' lang='lat' dir='ltr'><strong>Vind.</strong></span> <span class='ocrx_word' id='word_1_227' title='bbox 601 4506 738 4567; x_wconf 84' lang='lat' dir='ltr'><strong>Iuvenal.</strong></span> <span class='ocrx_word' id='word_1_228' title='bbox 761 4526 829 4586; x_wconf 85' lang='lat' dir='ltr'><strong>pag.</strong></span> <span class='ocrx_word' id='word_1_229' title='bbox 852 4509 901 4567; x_wconf 86' lang='grc'><strong>31.</strong></span> 
     </span>
     <span class='ocr_line' id='line_1_30' title="bbox 280 4611 1405 4694; baseline 0.003 -23"><span class='ocrx_word' id='word_1_230' title='bbox 280 4611 307 4691; x_wconf 73' lang='grc'><strong>’)</strong></span> <span class='ocrx_word' id='word_1_231' title='bbox 330 4612 540 4687; x_wconf 84' lang='lat' dir='ltr'><strong>Meinertn‚</strong></span> <span class='ocrx_word' id='word_1_232' title='bbox 562 4613 623 4671; x_wconf 83' lang='lat' dir='ltr'><strong>Zur</strong></span> <span class='ocrx_word' id='word_1_233' title='bbox 643 4613 748 4672; x_wconf 84' lang='lat' dir='ltr'><strong>Kritilr</strong></span> <span class='ocrx_word' id='word_1_234' title='bbox 772 4614 834 4673; x_wconf 92' lang='lat' dir='ltr'><strong>und</strong></span> <span class='ocrx_word' id='word_1_235' title='bbox 855 4615 937 4673; x_wconf 82' lang='lat' dir='ltr'><strong>Erkl.</strong></span> <span class='ocrx_word' id='word_1_236' title='bbox 961 4615 1015 4674; x_wconf 88' lang='lat' dir='ltr'><strong>der</strong></span> <span class='ocrx_word' id='word_1_237' title='bbox 1033 4616 1095 4674; x_wconf 81' lang='lat' dir='ltr'><strong>Sat.</strong></span> <span class='ocrx_word' id='word_1_238' title='bbox 1107 4616 1159 4674; x_wconf 94' lang='lat' dir='ltr'><strong>de</strong></span> <span class='ocrx_word' id='word_1_239' title='bbox 1170 4617 1254 4690; x_wconf 69' lang='lat' dir='ltr'><strong>Iun,</strong></span> <span class='ocrx_word' id='word_1_240' title='bbox 1276 4635 1346 4694; x_wconf 84' lang='lat' dir='ltr'><strong>pag.</strong></span> <span class='ocrx_word' id='word_1_241' title='bbox 1357 4616 1405 4675; x_wconf 80' lang='lat'><strong>31.</strong></span> 
     </span>
    </p>
   </div>
   <div class='ocr_carea' id='block_1_6' title="bbox 0 0 1654 5474">
    <p class='ocr_par' dir='ltr' id='par_1_7' title="bbox 0 0 1654 5474">
     <span class='ocr_line' id='line_1_31' title="bbox 0 0 1654 5474; baseline 0 3"><span class='ocrx_word' id='word_1_242' title='bbox 0 0 1654 5474; x_wconf 95' lang='lat' dir='ltr'><strong> </strong></span> 
     </span>
    </p>
   </div>
  </div>
 </body>
</html>
