<?xml version="1.0" encoding="UTF-8"?>
<!DOCTYPE html PUBLIC "-//W3C//DTD XHTML 1.0 Transitional//EN"
    "http://www.w3.org/TR/xhtml1/DTD/xhtml1-transitional.dtd">
<html xmlns="http://www.w3.org/1999/xhtml" xml:lang="en" lang="en">
 <head>
  <title>
</title>
<meta http-equiv="Content-Type" content="text/html;charset=utf-8" />
  <meta name='ocr-system' content='tesseract 3.04.00' />
  <meta name='ocr-capabilities' content='ocr_page ocr_carea ocr_par ocr_line ocrx_word'/>
</head>
<body>
  <div class='ocr_page' id='page_1' title='image "adnotationescri00jonggoog_0044.png"; bbox 0 0 3300 5474; ppageno 0'>
   <div class='ocr_carea' id='block_1_1' title="bbox 788 445 828 503">
    <p class='ocr_par' dir='ltr' id='par_1_1' title="bbox 788 445 828 503">
     <span class='ocr_line' id='line_1_1' title="bbox 788 445 828 503; baseline 0 0"><span class='ocrx_word' id='word_1_1' title='bbox 788 445 828 503; x_wconf 84' lang='grc'>39</span> 
     </span>
    </p>
   </div>
   <div class='ocr_carea' id='block_1_2' title="bbox 223 630 1395 1153">
    <p class='ocr_par' dir='ltr' id='par_1_2' title="bbox 223 630 1392 1011">
     <span class='ocr_line' id='line_1_2' title="bbox 274 630 1391 728; baseline 0.003 -25"><span class='ocrx_word' id='word_1_2' title='bbox 274 630 407 725; x_wconf 79' lang='lat' dir='ltr'>„Inde”</span> <span class='ocrx_word' id='word_1_3' title='bbox 437 630 504 728; x_wconf 82' lang='lat' dir='ltr'>(vs.</span> <span class='ocrx_word' id='word_1_4' title='bbox 534 630 618 728; x_wconf 85' lang='grc'><strong>139)</strong></span> <span class='ocrx_word' id='word_1_5' title='bbox 647 631 822 726; x_wconf 79' lang='lat' dir='ltr'>respicere</span> <span class='ocrx_word' id='word_1_6' title='bbox 849 630 991 704; x_wconf 89' lang='lat' dir='ltr'>videtur</span> <span class='ocrx_word' id='word_1_7' title='bbox 1017 630 1063 704; x_wconf 88' lang='lat' dir='ltr'>ad</span> <span class='ocrx_word' id='word_1_8' title='bbox 1089 633 1276 725; x_wconf 80' lang='lat' dir='ltr'>sequentia</span> <span class='ocrx_word' id='word_1_9' title='bbox 1297 656 1391 728; x_wconf 89' lang='lat' dir='ltr'>quae</span> 
     </span>
     <span class='ocr_line' id='line_1_3' title="bbox 223 772 1392 869; baseline 0.003 -23"><span class='ocrx_word' id='word_1_10' title='bbox 223 781 308 847; x_wconf 91' lang='lat' dir='ltr'>sunt</span> <span class='ocrx_word' id='word_1_11' title='bbox 331 797 375 867; x_wconf 85' lang='lat' dir='ltr'>„a</span> <span class='ocrx_word' id='word_1_12' title='bbox 395 772 511 859; x_wconf 90' lang='lat' dir='ltr'>dote’&#39;,</span> <span class='ocrx_word' id='word_1_13' title='bbox 535 796 606 846; x_wconf 93' lang='lat' dir='ltr'>non</span> <span class='ocrx_word' id='word_1_14' title='bbox 627 772 673 846; x_wconf 89' lang='lat' dir='ltr'>ad</span> <span class='ocrx_word' id='word_1_15' title='bbox 695 774 816 869; x_wconf 89' lang='lat' dir='ltr'>priora</span> <span class='ocrx_word' id='word_1_16' title='bbox 839 774 917 865; x_wconf 80' lang='lat' dir='ltr'>„bis</span> <span class='ocrx_word' id='word_1_17' title='bbox 938 774 1123 868; x_wconf 83' lang='lat' dir='ltr'>quingena</span> <span class='ocrx_word' id='word_1_18' title='bbox 1143 773 1267 847; x_wconf 89' lang='lat' dir='ltr'>dedit&#39;&#39;</span> <span class='ocrx_word' id='word_1_19' title='bbox 1290 783 1332 849; x_wconf 91' lang='lat' dir='ltr'>ut</span> <span class='ocrx_word' id='word_1_20' title='bbox 1344 776 1392 849; x_wconf 92' lang='lat' dir='ltr'>sit</span> 
     </span>
     <span class='ocr_line' id='line_1_4' title="bbox 223 914 1392 1011; baseline 0.001 -22"><span class='ocrx_word' id='word_1_21' title='bbox 223 937 366 989; x_wconf 83' lang='lat' dir='ltr'>sensus:</span> <span class='ocrx_word' id='word_1_22' title='bbox 394 914 517 1008; x_wconf 89' lang='lat' dir='ltr'>„inde,</span> <span class='ocrx_word' id='word_1_23' title='bbox 541 938 564 987; x_wconf 89' lang='lat' dir='ltr'>a</span> <span class='ocrx_word' id='word_1_24' title='bbox 584 914 667 989; x_wconf 91' lang='lat' dir='ltr'>dote</span> <span class='ocrx_word' id='word_1_25' title='bbox 680 914 774 1003; x_wconf 86' lang='lat' dir='ltr'>dioc,</span> <span class='ocrx_word' id='word_1_26' title='bbox 795 915 922 988; x_wconf 88' lang='lat' dir='ltr'>ardent</span> <span class='ocrx_word' id='word_1_27' title='bbox 936 917 1046 1007; x_wconf 87' lang='lat' dir='ltr'>faces,</span> <span class='ocrx_word' id='word_1_28' title='bbox 1063 917 1213 1003; x_wconf 84' lang='lat' dir='ltr'>veniunt</span> <span class='ocrx_word' id='word_1_29' title='bbox 1227 919 1392 1011; x_wconf 85' lang='lat' dir='ltr'>sagittae.</span> 
     </span>
    </p>

    <p class='ocr_par' dir='ltr' id='par_1_3' title="bbox 273 1055 1395 1153">
     <span class='ocr_line' id='line_1_5' title="bbox 273 1055 1395 1153; baseline 0.002 -23"><span class='ocrx_word' id='word_1_30' title='bbox 273 1056 395 1130; x_wconf 86' lang='lat' dir='ltr'>Etiam</span> <span class='ocrx_word' id='word_1_31' title='bbox 421 1058 460 1129; x_wconf 92' lang='lat' dir='ltr'>in</span> <span class='ocrx_word' id='word_1_32' title='bbox 485 1055 561 1131; x_wconf 83' lang='lat' dir='ltr'>Sat.</span> <span class='ocrx_word' id='word_1_33' title='bbox 589 1056 645 1129; x_wconf 92' lang='lat' dir='ltr'>VI</span> <span class='ocrx_word' id='word_1_34' title='bbox 670 1059 742 1131; x_wconf 73' lang='lat'>560</span> <span class='ocrx_word' id='word_1_35' title='bbox 767 1068 803 1130; x_wconf 88' lang='lat' dir='ltr'>et</span> <span class='ocrx_word' id='word_1_36' title='bbox 828 1056 904 1130; x_wconf 86' lang='lat' dir='ltr'>XV</span> <span class='ocrx_word' id='word_1_37' title='bbox 931 1060 976 1130; x_wconf 84' lang='grc'>36</span> <span class='ocrx_word' id='word_1_38' title='bbox 1006 1057 1133 1152; x_wconf 84' lang='lat' dir='ltr'>„inde”</span> <span class='ocrx_word' id='word_1_39' title='bbox 1161 1060 1395 1153; x_wconf 89' lang='lat' dir='ltr'>sequentihus</span> 
     </span>
    </p>
   </div>
   <div class='ocr_carea' id='block_1_3' title="bbox 88 1198 1393 1297">
    <p class='ocr_par' dir='ltr' id='par_1_4' title="bbox 88 1198 1393 1297">
     <span class='ocr_line' id='line_1_6' title="bbox 88 1198 1393 1297; baseline 0.005 -27"><span class='ocrx_word' id='word_1_40' title='bbox 88 1209 91 1213; x_wconf 81' lang='grc'>’</span> <span class='ocrx_word' id='word_1_41' title='bbox 224 1200 343 1273; x_wconf 91' lang='lat' dir='ltr'>verbis</span> <span class='ocrx_word' id='word_1_42' title='bbox 375 1200 572 1295; x_wconf 77' lang='lat' dir='ltr'>excipitur,</span> <span class='ocrx_word' id='word_1_43' title='bbox 607 1208 648 1272; x_wconf 91' lang='lat' dir='ltr'>ut</span> <span class='ocrx_word' id='word_1_44' title='bbox 682 1201 814 1294; x_wconf 90' lang='lat' dir='ltr'>passim</span> <span class='ocrx_word' id='word_1_45' title='bbox 848 1199 889 1272; x_wconf 91' lang='lat' dir='ltr'>fit</span> <span class='ocrx_word' id='word_1_46' title='bbox 922 1198 1018 1294; x_wconf 88' lang='lat' dir='ltr'>apud</span> <span class='ocrx_word' id='word_1_47' title='bbox 1044 1223 1166 1273; x_wconf 87' lang='lat' dir='ltr'>ornnes</span> <span class='ocrx_word' id='word_1_48' title='bbox 1191 1202 1393 1297; x_wconf 87' lang='lat' dir='ltr'>scriptores.</span> 
     </span>
    </p>
   </div>
   <div class='ocr_carea' id='block_1_4' title="bbox 214 1339 1394 3868">
    <p class='ocr_par' dir='ltr' id='par_1_5' title="bbox 222 1339 1394 2436">
     <span class='ocr_line' id='line_1_7' title="bbox 222 1339 1393 1441; baseline 0.004 -28"><span class='ocrx_word' id='word_1_49' title='bbox 222 1339 351 1435; x_wconf 88' lang='lat' dir='ltr'>Itaque</span> <span class='ocrx_word' id='word_1_50' title='bbox 383 1365 456 1415; x_wconf 93' lang='lat' dir='ltr'>non</span> <span class='ocrx_word' id='word_1_51' title='bbox 480 1342 655 1436; x_wconf 91' lang='lat' dir='ltr'>estquod</span> <span class='ocrx_word' id='word_1_52' title='bbox 681 1343 895 1415; x_wconf 85' lang='lat' dir='ltr'>faciaseum</span> <span class='ocrx_word' id='word_1_53' title='bbox 922 1340 1125 1441; x_wconf 80' lang='lat' dir='ltr'>Seholti01)</span> <span class='ocrx_word' id='word_1_54' title='bbox 1154 1366 1297 1417; x_wconf 90' lang='lat' dir='ltr'>versum</span> <span class='ocrx_word' id='word_1_55' title='bbox 1324 1348 1393 1418; x_wconf 90' lang='lat'>138</span> 
     </span>
     <span class='ocr_line' id='line_1_8' title="bbox 223 1484 1394 1580; baseline 0.003 -23"><span class='ocrx_word' id='word_1_56' title='bbox 223 1507 267 1557; x_wconf 88' lang='lat' dir='ltr'>ea</span> <span class='ocrx_word' id='word_1_57' title='bbox 299 1484 343 1558; x_wconf 92' lang='lat' dir='ltr'>de</span> <span class='ocrx_word' id='word_1_58' title='bbox 377 1507 486 1559; x_wconf 86' lang='lat' dir='ltr'>causa</span> <span class='ocrx_word' id='word_1_59' title='bbox 515 1484 675 1575; x_wconf 92' lang='lat' dir='ltr'>delente,</span> <span class='ocrx_word' id='word_1_60' title='bbox 711 1484 806 1580; x_wconf 92' lang='lat' dir='ltr'>quod</span> <span class='ocrx_word' id='word_1_61' title='bbox 834 1495 1042 1579; x_wconf 82' lang='lat' dir='ltr'>sequentem</span> <span class='ocrx_word' id='word_1_62' title='bbox 1063 1485 1213 1559; x_wconf 89' lang='lat' dir='ltr'>divellat</span> <span class='ocrx_word' id='word_1_63' title='bbox 1239 1510 1261 1558; x_wconf 87' lang='lat' dir='ltr'>a</span> <span class='ocrx_word' id='word_1_64' title='bbox 1287 1510 1394 1561; x_wconf 86' lang='lat' dir='ltr'>versu</span> 
     </span>
     <span class='ocr_line' id='line_1_9' title="bbox 225 1628 1394 1722; baseline 0.005 -22"><span class='ocrx_word' id='word_1_65' title='bbox 225 1630 313 1719; x_wconf 78' lang='lat'>137,</span> <span class='ocrx_word' id='word_1_66' title='bbox 352 1650 506 1722; x_wconf 86' lang='lat' dir='ltr'>quocum</span> <span class='ocrx_word' id='word_1_67' title='bbox 544 1629 743 1701; x_wconf 81' lang='lat' dir='ltr'>arctissime</span> <span class='ocrx_word' id='word_1_68' title='bbox 780 1628 978 1702; x_wconf 87' lang='lat' dir='ltr'>cohaereat.</span> <span class='ocrx_word' id='word_1_69' title='bbox 1028 1629 1091 1702; x_wconf 88' lang='lat' dir='ltr'>Vs.</span> <span class='ocrx_word' id='word_1_70' title='bbox 1132 1633 1201 1703; x_wconf 88' lang='lat'>138</span> <span class='ocrx_word' id='word_1_71' title='bbox 1230 1632 1287 1704; x_wconf 90' lang='lat' dir='ltr'>vel</span> <span class='ocrx_word' id='word_1_72' title='bbox 1313 1632 1394 1706; x_wconf 89' lang='lat' dir='ltr'>ideo</span> 
     </span>
     <span class='ocr_line' id='line_1_10' title="bbox 222 1770 1391 1870; baseline 0.003 -26"><span class='ocrx_word' id='word_1_73' title='bbox 222 1772 360 1844; x_wconf 87' lang='lat' dir='ltr'>servari</span> <span class='ocrx_word' id='word_1_74' title='bbox 393 1771 517 1860; x_wconf 87' lang='lat' dir='ltr'>dehet,</span> <span class='ocrx_word' id='word_1_75' title='bbox 552 1770 649 1866; x_wconf 93' lang='lat' dir='ltr'>quod</span> <span class='ocrx_word' id='word_1_76' title='bbox 679 1780 753 1843; x_wconf 93' lang='lat' dir='ltr'>tam</span> <span class='ocrx_word' id='word_1_77' title='bbox 778 1781 875 1844; x_wconf 87' lang='lat' dir='ltr'>arcte</span> <span class='ocrx_word' id='word_1_78' title='bbox 901 1795 982 1845; x_wconf 92' lang='lat' dir='ltr'>cum</span> <span class='ocrx_word' id='word_1_79' title='bbox 1016 1775 1181 1866; x_wconf 91' lang='lat' dir='ltr'>sequenti</span> <span class='ocrx_word' id='word_1_80' title='bbox 1206 1774 1391 1870; x_wconf 79' lang='lat' dir='ltr'>cohaeret,</span> 
     </span>
     <span class='ocr_line' id='line_1_11' title="bbox 223 1912 1392 2009; baseline 0.003 -22"><span class='ocrx_word' id='word_1_81' title='bbox 223 1922 265 1987; x_wconf 88' lang='lat' dir='ltr'>ut</span> <span class='ocrx_word' id='word_1_82' title='bbox 301 1913 332 1986; x_wconf 92' lang='lat' dir='ltr'>si</span> <span class='ocrx_word' id='word_1_83' title='bbox 370 1914 523 1987; x_wconf 90' lang='lat' dir='ltr'>alterum</span> <span class='ocrx_word' id='word_1_84' title='bbox 561 1912 699 2001; x_wconf 74' lang='lat' dir='ltr'>dalcae,</span> <span class='ocrx_word' id='word_1_85' title='bbox 747 1921 783 1986; x_wconf 93' lang='lat' dir='ltr'>et</span> <span class='ocrx_word' id='word_1_86' title='bbox 817 1914 969 1987; x_wconf 89' lang='lat' dir='ltr'>alterum</span> <span class='ocrx_word' id='word_1_87' title='bbox 1006 1915 1115 1988; x_wconf 87' lang='lat' dir='ltr'>eicias</span> <span class='ocrx_word' id='word_1_88' title='bbox 1150 1939 1293 1990; x_wconf 88' lang='lat' dir='ltr'>necesse</span> <span class='ocrx_word' id='word_1_89' title='bbox 1327 1919 1392 2009; x_wconf 93' lang='lat' dir='ltr'>sit,</span> 
     </span>
     <span class='ocr_line' id='line_1_12' title="bbox 223 2056 1394 2150; baseline 0.005 -22"><span class='ocrx_word' id='word_1_90' title='bbox 223 2079 304 2129; x_wconf 89' lang='lat' dir='ltr'>narn</span> <span class='ocrx_word' id='word_1_91' title='bbox 330 2081 381 2130; x_wconf 89' lang='lat' dir='ltr'>vs.</span> <span class='ocrx_word' id='word_1_92' title='bbox 411 2060 479 2130; x_wconf 84' lang='lat'>139</span> <span class='ocrx_word' id='word_1_93' title='bbox 505 2057 619 2129; x_wconf 90' lang='lat' dir='ltr'>altero</span> <span class='ocrx_word' id='word_1_94' title='bbox 645 2058 774 2130; x_wconf 89' lang='lat' dir='ltr'>omisso</span> <span class='ocrx_word' id='word_1_95' title='bbox 800 2056 998 2147; x_wconf 80' lang='lat' dir='ltr'>claudicat,</span> <span class='ocrx_word' id='word_1_96' title='bbox 1025 2060 1195 2150; x_wconf 89' lang='lat' dir='ltr'>quoniam</span> <span class='ocrx_word' id='word_1_97' title='bbox 1220 2059 1265 2133; x_wconf 94' lang='lat' dir='ltr'>de</span> <span class='ocrx_word' id='word_1_98' title='bbox 1292 2061 1394 2134; x_wconf 77' lang='lat' dir='ltr'>affec</span> 
     </span>
     <span class='ocr_line' id='line_1_13' title="bbox 222 2199 1394 2298; baseline 0.005 -28"><span class='ocrx_word' id='word_1_99' title='bbox 222 2199 320 2272; x_wconf 89' lang='lat' dir='ltr'>tione</span> <span class='ocrx_word' id='word_1_100' title='bbox 353 2200 535 2292; x_wconf 83' lang='lat' dir='ltr'>coniugali</span> <span class='ocrx_word' id='word_1_101' title='bbox 564 2200 706 2294; x_wconf 85' lang='lat' dir='ltr'>proprie</span> <span class='ocrx_word' id='word_1_102' title='bbox 727 2221 843 2271; x_wconf 83' lang='lat' dir='ltr'>sermo</span> <span class='ocrx_word' id='word_1_103' title='bbox 869 2222 939 2272; x_wconf 92' lang='lat' dir='ltr'>non</span> <span class='ocrx_word' id='word_1_104' title='bbox 965 2209 1037 2289; x_wconf 89' lang='lat' dir='ltr'>est,</span> <span class='ocrx_word' id='word_1_105' title='bbox 1068 2223 1193 2275; x_wconf 87' lang='lat' dir='ltr'>verum</span> <span class='ocrx_word' id='word_1_106' title='bbox 1219 2210 1325 2298; x_wconf 89' lang='lat' dir='ltr'>poeta</span> <span class='ocrx_word' id='word_1_107' title='bbox 1349 2203 1394 2276; x_wconf 91' lang='lat' dir='ltr'>de</span> 
     </span>
     <span class='ocr_line' id='line_1_14' title="bbox 224 2340 598 2436; baseline -0.003 -21"><span class='ocrx_word' id='word_1_108' title='bbox 224 2340 398 2436; x_wconf 87' lang='lat' dir='ltr'>pudicitia</span> <span class='ocrx_word' id='word_1_109' title='bbox 426 2343 598 2436; x_wconf 91' lang='lat' dir='ltr'>loquitur.</span> 
     </span>
    </p>

    <p class='ocr_par' dir='ltr' id='par_1_6' title="bbox 214 2482 1393 3129">
     <span class='ocr_line' id='line_1_15' title="bbox 272 2482 1393 2579; baseline 0.002 -21"><span class='ocrx_word' id='word_1_110' title='bbox 272 2482 378 2575; x_wconf 82' lang='lat' dir='ltr'>Quod</span> <span class='ocrx_word' id='word_1_111' title='bbox 400 2483 583 2559; x_wconf 83' lang='lat' dir='ltr'>Scholtius</span> <span class='ocrx_word' id='word_1_112' title='bbox 607 2483 726 2557; x_wconf 88' lang='lat' dir='ltr'>addit:</span> <span class='ocrx_word' id='word_1_113' title='bbox 764 2484 963 2579; x_wconf 89' lang='lat' dir='ltr'>„pharetris</span> <span class='ocrx_word' id='word_1_114' title='bbox 995 2485 1191 2559; x_wconf 88' lang='lat' dir='ltr'>macerari’&#39;</span> <span class='ocrx_word' id='word_1_115' title='bbox 1223 2486 1295 2560; x_wconf 90' lang='lat' dir='ltr'>dici</span> <span class='ocrx_word' id='word_1_116' title='bbox 1321 2510 1393 2560; x_wconf 94' lang='lat' dir='ltr'>non</span> 
     </span>
     <span class='ocr_line' id='line_1_16' title="bbox 214 2625 1392 2723; baseline 0.003 -23"><span class='ocrx_word' id='word_1_117' title='bbox 214 2649 343 2723; x_wconf 84' lang='lat' dir='ltr'>posse,</span> <span class='ocrx_word' id='word_1_118' title='bbox 385 2628 492 2720; x_wconf 84' lang='lat' dir='ltr'>„igne</span> <span class='ocrx_word' id='word_1_119' title='bbox 530 2625 726 2700; x_wconf 83' lang='lat' dir='ltr'>macerari&#39;</span> <span class='ocrx_word' id='word_1_120' title='bbox 764 2649 886 2722; x_wconf 89' lang='lat' dir='ltr'>posse,</span> <span class='ocrx_word' id='word_1_121' title='bbox 927 2627 1016 2699; x_wconf 94' lang='lat' dir='ltr'>mihi</span> <span class='ocrx_word' id='word_1_122' title='bbox 1049 2627 1161 2701; x_wconf 89' lang='lat' dir='ltr'>iocari</span> <span class='ocrx_word' id='word_1_123' title='bbox 1191 2629 1291 2703; x_wconf 91' lang='lat' dir='ltr'>visus</span> <span class='ocrx_word' id='word_1_124' title='bbox 1328 2638 1392 2703; x_wconf 86' lang='lat' dir='ltr'>est.</span> 
     </span>
     <span class='ocr_line' id='line_1_17' title="bbox 222 2768 1393 2865; baseline 0.003 -23"><span class='ocrx_word' id='word_1_125' title='bbox 222 2769 343 2844; x_wconf 90' lang='lat' dir='ltr'>Possis</span> <span class='ocrx_word' id='word_1_126' title='bbox 367 2769 486 2843; x_wconf 89' lang='lat' dir='ltr'>dicere</span> <span class='ocrx_word' id='word_1_127' title='bbox 519 2768 642 2843; x_wconf 92' lang='lat' dir='ltr'>eodem</span> <span class='ocrx_word' id='word_1_128' title='bbox 667 2770 763 2859; x_wconf 89' lang='lat' dir='ltr'>iure,</span> <span class='ocrx_word' id='word_1_129' title='bbox 790 2770 996 2842; x_wconf 86' lang='lat' dir='ltr'>laborantes</span> <span class='ocrx_word' id='word_1_130' title='bbox 1022 2770 1183 2844; x_wconf 91' lang='lat' dir='ltr'>homines</span> <span class='ocrx_word' id='word_1_131' title='bbox 1208 2773 1293 2865; x_wconf 84' lang='lat' dir='ltr'>igne</span> <span class='ocrx_word' id='word_1_132' title='bbox 1322 2796 1393 2845; x_wconf 94' lang='lat' dir='ltr'>non</span> 
     </span>
     <span class='ocr_line' id='line_1_18' title="bbox 225 2910 1392 3010; baseline 0 -23"><span class='ocrx_word' id='word_1_133' title='bbox 225 2911 429 3007; x_wconf 86' lang='lat' dir='ltr'>„macerari’</span> <span class='ocrx_word' id='word_1_134' title='bbox 456 2911 518 2986; x_wconf 89' lang='lat' dir='ltr'>sed</span> <span class='ocrx_word' id='word_1_135' title='bbox 546 2910 801 3005; x_wconf 83' lang='lat' dir='ltr'>„deflagrare”</span> <span class='ocrx_word' id='word_1_136' title='bbox 827 2910 935 2984; x_wconf 82' lang='lat' dir='ltr'>Talia</span> <span class='ocrx_word' id='word_1_137' title='bbox 961 2912 1049 2984; x_wconf 95' lang='lat' dir='ltr'>mihi</span> <span class='ocrx_word' id='word_1_138' title='bbox 1073 2911 1240 2988; x_wconf 89' lang='lat' dir='ltr'>videntur</span> <span class='ocrx_word' id='word_1_139' title='bbox 1267 2923 1392 3010; x_wconf 89' lang='lat' dir='ltr'>poetae</span> 
     </span>
     <span class='ocr_line' id='line_1_19' title="bbox 223 3055 473 3129; baseline -0.008 0"><span class='ocrx_word' id='word_1_140' title='bbox 223 3078 300 3129; x_wconf 85' lang='lat' dir='ltr'>esse</span> <span class='ocrx_word' id='word_1_141' title='bbox 325 3055 473 3128; x_wconf 90' lang='lat' dir='ltr'>satirici.</span> 
     </span>
    </p>

    <p class='ocr_par' dir='ltr' id='par_1_7' title="bbox 222 3195 1393 3868">
     <span class='ocr_line' id='line_1_20' title="bbox 272 3195 1391 3293; baseline 0.004 -23"><span class='ocrx_word' id='word_1_142' title='bbox 272 3197 331 3271; x_wconf 92' lang='lat' dir='ltr'>De</span> <span class='ocrx_word' id='word_1_143' title='bbox 368 3196 537 3293; x_wconf 90' lang='lat' dir='ltr'>pharetra</span> <span class='ocrx_word' id='word_1_144' title='bbox 568 3206 604 3269; x_wconf 89' lang='lat' dir='ltr'>et</span> <span class='ocrx_word' id='word_1_145' title='bbox 639 3195 802 3291; x_wconf 87' lang='lat' dir='ltr'>lampade</span> <span class='ocrx_word' id='word_1_146' title='bbox 828 3195 983 3270; x_wconf 88' lang='lat' dir='ltr'>Veneris</span> <span class='ocrx_word' id='word_1_147' title='bbox 1008 3199 1243 3273; x_wconf 84' lang='lat' dir='ltr'>conferendus</span> <span class='ocrx_word' id='word_1_148' title='bbox 1270 3200 1391 3291; x_wconf 87' lang='lat' dir='ltr'>locus,</span> 
     </span>
     <span class='ocr_line' id='line_1_21' title="bbox 223 3338 1393 3436; baseline 0.003 -22"><span class='ocrx_word' id='word_1_149' title='bbox 223 3342 286 3435; x_wconf 93' lang='lat' dir='ltr'>qui</span> <span class='ocrx_word' id='word_1_150' title='bbox 330 3340 514 3413; x_wconf 90' lang='lat' dir='ltr'>invenitur</span> <span class='ocrx_word' id='word_1_151' title='bbox 551 3338 647 3435; x_wconf 89' lang='lat' dir='ltr'>apud</span> <span class='ocrx_word' id='word_1_152' title='bbox 680 3338 890 3412; x_wconf 88' lang='lat' dir='ltr'>Lucretium</span> <span class='ocrx_word' id='word_1_153' title='bbox 930 3338 1011 3412; x_wconf 87' lang='lat'><em>1111</em></span> <span class='ocrx_word' id='word_1_154' title='bbox 1050 3364 1102 3414; x_wconf 88' lang='lat' dir='ltr'>vs.</span> <span class='ocrx_word' id='word_1_155' title='bbox 1144 3343 1253 3415; x_wconf 79' lang='lat'>1278:</span> <span class='ocrx_word' id='word_1_156' title='bbox 1305 3366 1393 3436; x_wconf 89' lang='lat' dir='ltr'>„neo</span> 
     </span>
     <span class='ocr_line' id='line_1_22' title="bbox 222 3484 1392 3579; baseline 0.001 -19"><span class='ocrx_word' id='word_1_157' title='bbox 222 3486 398 3561; x_wconf 90' lang='lat' dir='ltr'>divinitus</span> <span class='ocrx_word' id='word_1_158' title='bbox 430 3484 610 3558; x_wconf 89' lang='lat' dir='ltr'>interdum</span> <span class='ocrx_word' id='word_1_159' title='bbox 645 3484 871 3579; x_wconf 89' lang='lat' dir='ltr'>Venerisque</span> <span class='ocrx_word' id='word_1_160' title='bbox 914 3486 1058 3579; x_wconf 80' lang='lat' dir='ltr'>sagittis</span> <span class='ocrx_word' id='word_1_161' title='bbox 1083 3485 1259 3561; x_wconf 89' lang='lat' dir='ltr'>deteriore</span> <span class='ocrx_word' id='word_1_162' title='bbox 1284 3487 1326 3560; x_wconf 95' lang='lat' dir='ltr'>fit</span> <span class='ocrx_word' id='word_1_163' title='bbox 1352 3496 1392 3561; x_wconf 94' lang='lat' dir='ltr'>ut</span> 
     </span>
     <span class='ocr_line' id='line_1_23' title="bbox 222 3626 1391 3724; baseline -0.002 -20"><span class='ocrx_word' id='word_1_164' title='bbox 222 3632 336 3704; x_wconf 83' lang='lat' dir='ltr'>forma</span> <span class='ocrx_word' id='word_1_165' title='bbox 374 3629 585 3702; x_wconf 87' lang='lat' dir='ltr'>muliercula</span> <span class='ocrx_word' id='word_1_166' title='bbox 617 3626 798 3720; x_wconf 85' lang='lat' dir='ltr'>ametur&#39;’;</span> <span class='ocrx_word' id='word_1_167' title='bbox 840 3636 876 3700; x_wconf 91' lang='lat' dir='ltr'>et</span> <span class='ocrx_word' id='word_1_168' title='bbox 914 3629 1006 3701; x_wconf 91' lang='lat' dir='ltr'>alter</span> <span class='ocrx_word' id='word_1_169' title='bbox 1040 3628 1137 3724; x_wconf 90' lang='lat' dir='ltr'>apud</span> <span class='ocrx_word' id='word_1_170' title='bbox 1163 3628 1391 3724; x_wconf 90' lang='lat' dir='ltr'>Propertium</span> 
     </span>
     <span class='ocr_line' id='line_1_24' title="bbox 223 3770 1391 3868; baseline 0 -24"><span class='ocrx_word' id='word_1_171' title='bbox 223 3770 259 3844; x_wconf 90' lang='lat' dir='ltr'>V</span> <span class='ocrx_word' id='word_1_172' title='bbox 301 3775 322 3845; x_wconf 89' lang='lat'><strong>3</strong></span> <span class='ocrx_word' id='word_1_173' title='bbox 366 3794 417 3844; x_wconf 92' lang='lat' dir='ltr'>vs.</span> <span class='ocrx_word' id='word_1_174' title='bbox 460 3774 507 3843; x_wconf 86' lang='grc'>49</span> <span class='ocrx_word' id='word_1_175' title='bbox 550 3791 623 3864; x_wconf 86' lang='lat' dir='ltr'>sq:</span> <span class='ocrx_word' id='word_1_176' title='bbox 665 3771 802 3863; x_wconf 92' lang='lat' dir='ltr'>„omnis</span> <span class='ocrx_word' id='word_1_177' title='bbox 839 3792 939 3843; x_wconf 89' lang='lat' dir='ltr'>amor</span> <span class='ocrx_word' id='word_1_178' title='bbox 976 3793 1128 3864; x_wconf 84' lang='lat' dir='ltr'>magnus</span> <span class='ocrx_word' id='word_1_179' title='bbox 1165 3770 1228 3844; x_wconf 91' lang='lat' dir='ltr'>sed</span> <span class='ocrx_word' id='word_1_180' title='bbox 1268 3779 1391 3868; x_wconf 90' lang='lat' dir='ltr'>aperto</span> 
     </span>
    </p>
   </div>
   <div class='ocr_carea' id='block_1_5' title="bbox 222 3911 1392 4009">
    <p class='ocr_par' dir='ltr' id='par_1_8' title="bbox 222 3911 1392 4009">
     <span class='ocr_line' id='line_1_25' title="bbox 222 3911 1392 4009; baseline 0 -22"><span class='ocrx_word' id='word_1_181' title='bbox 222 3915 261 3987; x_wconf 91' lang='lat' dir='ltr'>iu</span> <span class='ocrx_word' id='word_1_182' title='bbox 285 3913 439 4007; x_wconf 84' lang='lat' dir='ltr'>coniuge</span> <span class='ocrx_word' id='word_1_183' title='bbox 460 3913 590 3986; x_wconf 88' lang='lat' dir='ltr'>maior:</span> <span class='ocrx_word' id='word_1_184' title='bbox 628 3912 720 3986; x_wconf 89' lang='lat' dir='ltr'>hauc</span> <span class='ocrx_word' id='word_1_185' title='bbox 745 3911 888 4004; x_wconf 89' lang='lat' dir='ltr'>Venus,</span> <span class='ocrx_word' id='word_1_186' title='bbox 921 3921 961 3985; x_wconf 90' lang='lat' dir='ltr'>ut</span> <span class='ocrx_word' id='word_1_187' title='bbox 989 3914 1106 4000; x_wconf 88' lang='lat' dir='ltr'>vivat,</span> <span class='ocrx_word' id='word_1_188' title='bbox 1135 3913 1287 3986; x_wconf 87' lang='lat' dir='ltr'>ventilat</span> <span class='ocrx_word' id='word_1_189' title='bbox 1312 3914 1392 4009; x_wconf 88' lang='lat' dir='ltr'>ipsa</span> 
     </span>
    </p>
   </div>
   <div class='ocr_carea' id='block_1_6' title="bbox 223 4055 1389 4438">
    <p class='ocr_par' dir='ltr' id='par_1_9' title="bbox 223 4055 1389 4438">
     <span class='ocr_line' id='line_1_26' title="bbox 223 4055 371 4130; baseline -0.007 0"><span class='ocrx_word' id='word_1_190' title='bbox 223 4055 371 4130; x_wconf 86' lang='lat' dir='ltr'>facem.&#39;&#39;</span> 
     </span>
     <span class='ocr_line' id='line_1_27' title="bbox 271 4196 1389 4293; baseline -0.001 -21"><span class='ocrx_word' id='word_1_191' title='bbox 271 4199 462 4272; x_wconf 89' lang='lat' dir='ltr'>Praeterea</span> <span class='ocrx_word' id='word_1_192' title='bbox 497 4196 666 4292; x_wconf 83' lang='lat' dir='ltr'>„Venus”</span> <span class='ocrx_word' id='word_1_193' title='bbox 704 4205 820 4292; x_wconf 90' lang='lat' dir='ltr'>potest</span> <span class='ocrx_word' id='word_1_194' title='bbox 854 4197 927 4271; x_wconf 93' lang='lat' dir='ltr'>dici</span> <span class='ocrx_word' id='word_1_195' title='bbox 956 4220 1020 4293; x_wconf 88' lang='lat' dir='ltr'>pro</span> <span class='ocrx_word' id='word_1_196' title='bbox 1057 4196 1199 4291; x_wconf 84' lang='lat' dir='ltr'>„amor”</span> <span class='ocrx_word' id='word_1_197' title='bbox 1237 4206 1277 4270; x_wconf 90' lang='lat' dir='ltr'>ut</span> <span class='ocrx_word' id='word_1_198' title='bbox 1315 4220 1389 4271; x_wconf 86' lang='lat' dir='ltr'>sae·</span> 
     </span>
     <span class='ocr_line' id='line_1_28' title="bbox 224 4337 1067 4438; baseline -0.004 -23"><span class='ocrx_word' id='word_1_199' title='bbox 224 4342 305 4438; x_wconf 92' lang='lat' dir='ltr'>pius</span> <span class='ocrx_word' id='word_1_200' title='bbox 330 4340 426 4437; x_wconf 87' lang='lat' dir='ltr'>apud</span> <span class='ocrx_word' id='word_1_201' title='bbox 452 4338 665 4414; x_wconf 87' lang='lat' dir='ltr'>Horatium:</span> <span class='ocrx_word' id='word_1_202' title='bbox 694 4340 739 4414; x_wconf 87' lang='lat' dir='ltr'>cf.</span> <span class='ocrx_word' id='word_1_203' title='bbox 768 4337 842 4413; x_wconf 82' lang='lat' dir='ltr'>Sat.</span> <span class='ocrx_word' id='word_1_204' title='bbox 870 4337 956 4431; x_wconf 85' lang='lat'>14,</span> <span class='ocrx_word' id='word_1_205' title='bbox 986 4342 1067 4412; x_wconf 88' lang='grc'><strong>113.</strong></span> 
     </span>
    </p>
   </div>
   <div class='ocr_carea' id='block_1_7' title="bbox 224 4539 382 4548">
    <p class='ocr_par' dir='ltr' id='par_1_10' title="bbox 224 4539 382 4548">
     <span class='ocr_line' id='line_1_29' title="bbox 224 4539 382 4548; baseline -0.006 0"><span class='ocrx_word' id='word_1_206' title='bbox 224 4539 382 4548; x_wconf 65' lang='lat'>.—</span> 
     </span>
    </p>
   </div>
   <div class='ocr_carea' id='block_1_8' title="bbox 265 4634 531 4713">
    <p class='ocr_par' dir='ltr' id='par_1_11' title="bbox 265 4634 531 4713">
     <span class='ocr_line' id='line_1_30' title="bbox 265 4634 531 4713; baseline -0.015 -19"><span class='ocrx_word' id='word_1_207' title='bbox 265 4635 328 4713; x_wconf 83' lang='grc'>1)1.</span> <span class='ocrx_word' id='word_1_208' title='bbox 351 4634 371 4693; x_wconf 89' lang='lat' dir='ltr'>l.</span> <span class='ocrx_word' id='word_1_209' title='bbox 393 4653 461 4713; x_wconf 84' lang='lat' dir='ltr'>pag.</span> <span class='ocrx_word' id='word_1_210' title='bbox 484 4636 531 4691; x_wconf 87' lang='lat'>50.</span> 
     </span>
    </p>
   </div>
   <div class='ocr_carea' id='block_1_9' title="bbox 0 0 1654 5474">
    <p class='ocr_par' dir='ltr' id='par_1_12' title="bbox 0 0 1654 5474">
     <span class='ocr_line' id='line_1_31' title="bbox 0 0 1654 5474; baseline 0 0"><span class='ocrx_word' id='word_1_211' title='bbox 0 0 1654 5474; x_wconf 95' lang='lat' dir='ltr'> </span> 
     </span>
    </p>
   </div>
  </div>
 </body>
</html>
