3300 5474
809 402 874 506 'on

271 645 351 736 post
377 659 519 711 versum
544 638 616 710 460
637 637 734 728 iure,
762 642 803 709 ut
828 634 917 707 mihi
942 634 1086 729 quidem
1100 633 1439 727 videtur,maximo.

273 779 488 854 Weidnerus
505 778 531 876 l)
573 788 693 853 autem
732 786 939 852 oontextum
977 802 1000 851 a
1032 777 1216 851 codicibus
1241 778 1441 874 profectum

271 923 420 997 retinuit
452 930 488 994 et
522 930 666 1016 propter
687 921 761 993 alia
786 929 821 993 et
847 942 889 993 ea
915 919 960 993 de
985 943 1112 1012 eausa,
1139 920 1237 1015 quod
1262 921 1441 994 sententia

274 1066 341 1161 „ad
375 1063 561 1138 moeohum
595 1065 670 1137 lota
704 1063 853 1137 veniunt
879 1061 982 1136 oute’'
1010 1085 1115 1136 suum
1141 1063 1343 1158 oppositum
1369 1086 1441 1136 non

178 1276 180 1281 .
271 1208 430 1282 haberet.
459 1204 530 1281 Sed
544 1209 655 1280 verba
667 1229 759 1301 quae
771 1212 973 1300 sequuntur
989 1204 1155 1307 „quando
1170 1207 1249 1279 vult
1261 1206 1442 1280 formonsa

270 1350 386 1424 videri
406 1349 524 1424 domi'’
560 1349 593 1422 ei
626 1348 790 1444 opposita
815 1356 916 1439 sunt,
940 1354 976 1420 et
1002 1347 1055 1421 sio
1080 1348 1261 1444 opposita,
1289 1355 1330 1422 ut
1356 1348 1440 1421 inde

270 1495 328 1566 vel
349 1493 601 1588 gravissimum
624 1492 762 1565 oriatur
788 1498 1039 1586 argumentum
1067 1489 1113 1564 ad
1135 1477 1314 1587 Madvigii
1327 1500 1440 1564 trans-

271 1635 482 1733 positionem
507 1632 737 1729 probandam.

320 1776 422 1850 Haeo
459 1777 554 1848 enim
593 1776 704 1849 verba
741 1776 778 1847 in
817 1776 961 1870 vulgari
999 1799 1169 1850 versuum
1195 1776 1338 1869 ordine,
1366 1798 1438 1872 quo

272 1943 375 1994 voees
402 1919 471 2014 „ad
496 1917 681 1992 moeohum
706 1919 781 1991 lota
807 1919 957 1993 veniunt
978 1895 1083 1999 outeJ'
1097 1906 1327 2016 opponuntur
1340 1940 1440 2016 prae·
1500 2004 1503 2010 ¹

270 2062 497 2154 cedentibus,
534 2083 642 2155 quam
678 2061 833 2134 maxime
866 2069 950 2134 sunt
983 2045 1098 2135 otiosa
1131 2068 1166 2134 et
1199 2061 1279 2157 ipsa
1306 2061 1441 2134 femina

270 2204 383 2278 divite
407 2203 701 2277 intolerabiliora.
729 2203 969 2277 Nunoautem
982 2204 1150 2278 membris
1163 2226 1226 2301 per
1239 2204 1439 2302 asyndeton

270 2347 536 2421 adversativum
559 2346 686 2442 positis
698 2345 888 2419 habemus:
919 2346 987 2440 „ad
1000 2347 1187 2421 moechum
1201 2348 1352 2422 veniunt
1364 2347 1440 2421 lota
1560 2388 1562 2392 Δ

271 2498 371 2583 oute,
399 2489 461 2563 sed
487 2488 632 2585 quando
656 2496 741 2563 sunt
766 2490 942 2563 formosae
967 2488 1112 2563 domi?''

728 2828 790 2888 VS.
810 2830 979 2888 nte-480.

588 3069 648 3143 hio
672 3069 816 3163 frangit,
830 3068 982 3161 ferulas,
1011 3071 1116 3143 rubet
1139 3069 1203 3142 ille
1227 3068 1393 3165 flagello,

318 3215 379 3302 bio
398 3212 553 3306 soutioa;
581 3220 666 3287 sunt
692 3234 786 3308 quae
812 3212 1008 3286 tortoribus
1033 3235 1155 3286 annua
1179 3220 1371 3307 praestent.

320 3497 506 3572 Sententia
542 3520 636 3592 quae
673 3497 801 3595 inoipit
839 3522 861 3571 a
901 3506 1008 3593 „sunt
1041 3498 1156 3594 quae''
1195 3496 1462 3606 intellegenda

270 3663 348 3715 esse
385 3640 474 3714 mihi
508 3639 651 3714 videtur
689 3640 734 3713 de
771 3640 932 3733 ancillis,
974 3664 1064 3732 non,
1103 3649 1145 3715 ut
1170 3641 1281 3736 vulgo
1306 3640 1365 3732 fit,
1394 3639 1438 3714 de
1469 3621 1474 3630 ⁸

270 3783 441 3876 dominis,
469 3783 565 3878 quod
590 3807 635 3856 ne
659 3782 778 3876 fieret,
806 3791 951 3879 apoeta
964 3793 1108 3858 oautum
1123 3791 1177 3857 est
1190 3783 1438 3879 pronominum

270 3927 511 4024 oppositione:
539 3926 599 4000 hio
625 3970 672 3978 -
698 3926 778 4019 ille,
806 3925 866 3999 hie
893 3969 939 3979 —
965 3934 1051 4000 sunt
1076 3948 1179 4021 quae.
1206 3923 1262 4000 Of.
1287 3924 1362 4000 Sat.
1377 3926 1439 4000 ΙΠ

271 4071 360 4162 245,
389 4067 446 4142 VI
468 4072 525 4141 64.
553 4067 612 4140 De
635 4090 721 4141 vooe
754 4067 956 4163 „praestat”
985 4077 1020 4141 et
1045 4067 1133 4163 quid
1147 4069 1225 4142 eius
1237 4068 1438 4143 subiectum
1560 4097 1563 4102 ·

270 4215 335 4303 sit,
361 4211 445 4285 vide
470 4210 544 4285 Sat.
572 4210 648 4285 VH
677 4213 757 4284 106.
796 4211 925 4305 Itaque
950 4219 1031 4306 post
1059 4210 1238 4303 „soutioa”
1266 4220 1438 4286 commate

270 4354 499 4430 incidendum
524 4362 588 4428 est.

315 4651 339 4728 ¹)
358 4651 376 4708 l.
400 4651 419 4709 l.
441 4669 509 4730 pag.
533 4652 598 4711 155.
