3300 5474
802 410 840 468 38

241 599 364 688 credo,
394 599 444 671 nil
470 599 597 689 miror,
636 597 815 696 (Belgium
849 597 911 671 dat
936 599 1060 693 geloof
1081 597 1122 670 ik
1147 596 1296 696 gaarne)
1326 599 1408 692 quis

239 751 358 814 tamen
383 741 550 814 adfirmat
578 741 629 814 nil
655 748 774 815 actum
800 763 877 814 esse
901 741 940 812 in
967 739 1181 814 montibus.''
1210 738 1297 814 Post
1326 739 1407 834 „Fi-

237 883 361 957 denis”
397 885 565 978 graviore
601 884 726 977 signo,
763 893 843 978 post
871 881 1064 978 „paterno”
1092 883 1227 956 leviore
1251 882 1408 956 inciden-

237 1026 323 1101 dum
350 1035 415 1101 est.

759 1320 819 1379 Vs,
842 1321 889 1378 97.

239 1541 385 1615 Fortem
419 1543 578 1615 animum
603 1550 787 1638 praestant
814 1544 939 1630 rebus,
968 1564 1058 1635 quas
1084 1543 1239 1637 turpiter
1263 1542 1407 1616 audent.

288 1791 470 1866 Scholtius
483 1791 509 1889 1)
540 1815 680 1866 versum
706 1792 820 1865 eiecit.
849 1789 1022 1865 Ordinem
1045 1814 1129 1865 vero
1151 1793 1408 1866 sententiarum

240 1935 274 2008 si
299 1936 541 2031 perspexeris,
568 1936 602 2008 ei
627 1958 698 2008 non
723 1935 939 2007 assentieris.
978 1933 1092 2007 Poeta
1116 1943 1305 2030 postquam
1331 1959 1410 2009 nar-

243 2077 338 2150 ravit
371 2077 526 2173 Eppiam
560 2088 708 2174 nuptam
738 2079 895 2151 senatori
933 2101 997 2173 per
1030 2079 1149 2150 omnia
1185 2078 1294 2150 maris
1320 2078 1409 2172 peri-

240 2221 323 2293 cula
357 2221 536 2294 constanti
570 2229 711 2316 pectore
746 2221 949 2294 comitatam
984 2241 1070 2292 esse·
1094 2219 1252 2310 ludium,
1280 2220 1410 2293 indea

240 2385 355 2445 verso,
380 2367 426 2436 94
459 2363 505 2436 ad
540 2365 746 2436 universum
777 2349 891 2456 genus
917 2362 1110 2435 femineum
1136 2359 1409 2435 describendum

240 2505 370 2577 transit
406 2506 595 2579 sententiis
632 2506 756 2578 ordine
794 2506 887 2577 inter
922 2527 960 2576 sc
994 2505 1184 2599 oppositis:
1227 2505 1280 2597 „si
1314 2505 1410 2577 iusta

239 2646 365 2741 pericli
403 2647 496 2720 ratio
538 2657 591 2720 est
629 2655 665 2720 et
703 2647 869 2737 honesta,
910 2648 1055 2719 timent:
1090 2647 1217 2718 fortem
1251 2647 1410 2720 animum

238 2798 423 2884 praestant
448 2790 556 2863 rebus
581 2811 672 2884 quas
697 2789 850 2885 turpiter
876 2789 1025 2881 audent3
1053 2789 1084 2860 si
1110 2789 1233 2862 iubeat
1258 2789 1408 2879 conium,

238 2930 369 3005 durum
394 2942 448 3004 est
473 2932 709 3005 conscendere
735 2954 880 3004 navem:
909 2954 1001 3025 quae
1027 2932 1212 3004 moechum
1225 2931 1407 3026 sequitur,

239 3074 422 3147 stomacho
449 3075 564 3166 valet3
593 3074 660 3146 illa
685 3076 852 3146 maritum
880 3072 1078 3146 convomit:
1106 3072 1194 3146 haec
1217 3074 1312 3146 inter
1324 3097 1410 3147 nau-

240 3224 296 3289 tas
321 3225 356 3289 et
382 3216 534 3313 prandet
560 3226 596 3290 ct
625 3216 756 3290 errat.'’
785 3214 881 3287 Tum
906 3215 998 3288 redit
1025 3214 1071 3288 ad
1097 3213 1261 3310 Eppiam.

702 3586 761 3645 Vs,
785 3587 951 3644 136-139.

293 3844 442 3941 Optima
467 3845 531 3918 sed
556 3867 668 3940 quare
694 3843 897 3917 Censennia
921 3852 1011 3917 teste
1037 3842 1190 3917 marito?

290 3990 347 4062 bis
372 3989 556 4083 quingena
581 3987 699 4078 dedit3
728 3994 828 4059 tanto
854 3995 957 4060 vocat
982 3987 1044 4058 ille
1070 3986 1253 4081 pudicam;

292 4154 358 4204 nec
390 4131 568 4227 pharetris
593 4129 747 4202 Veneris
772 4151 890 4202 macer
915 4136 969 4201 est
995 4138 1057 4201 aut
1082 4127 1249 4223 lampade
1274 4129 1408 4202 fervet:

291 4274 375 4348 inde
400 4275 496 4348 faces
521 4273 665 4366 ardent,
694 4273 843 4345 veniunt
869 4296 891 4345 a
915 4271 997 4344 dote
1021 4271 1185 4365 sagittae.

244 4484 401 4494 -ι-,--

286 4622 310 4699 1)
331 4623 348 4679 l.
372 4623 390 4679 1.
413 4641 472 4701 pag
499 4623 546 4682 48.
