3300 5474
803 438 842 497 85

242 623 397 718 spiciens
430 624 476 697 ad
510 647 570 716 ca,
606 647 698 718 quae
732 635 838 721 poeta
871 628 908 699 in
943 627 1047 701 initic
1081 629 1240 702 dixerat:
1279 630 1407 725 „pauci

242 765 425 839 dinoscere
450 778 599 861 possunt
626 791 711 840 vera
737 770 830 842 buna
855 779 964 864 atque
990 770 1064 845 illis
1077 773 1230 846 multum
1242 772 1407 846 diversa'’

241 931 313 1003 eqs.
341 906 474 983 Confer
500 934 551 983 vs.
580 913 669 983 248:
699 913 809 1004 „felix
834 914 987 984 cirnirnm
1011 915 1075 1008 qui
1100 923 1153 988 tot
1176 937 1240 1010 per
1264 917 1409 989 saecula

241 1060 389 1125 mortem
415 1031 591 1127 cistulis

291 1191 547 1268 Commentarii
585 1197 663 1269 lucc
701 1205 755 1269 est
793 1196 892 1271 Flcr.
933 1197 973 1271 II
1013 1202 1076 1271 13:
1119 1221 1251 1292 „causa
1287 1206 1408 1272 tantae
1457 1280 1459 1286 ,

242 1336 458 1409 calamitatis
483 1336 607 1410 eadem
632 1360 724 1432 quae
750 1339 906 1413 omnium
933 1341 1032 1413 nimiu
1058 1342 1203 1434 [elicitus.

624 2015 905 2092 SATURA
956 2019 1020 2093 XI.

717 2313 778 2372 vs.
801 2297 927 2373 'nc-22.

676 2552 738 2628 Sic
763 2554 913 2627 veniunt
939 2554 985 2626 ad
1010 2554 1232 2627 miscilianca
1256 2554 1344 2628 ludi.
1456 2531 1470 2623 s

312 2696 421 2768 refert
447 2718 551 2790 ergo,
579 2697 661 2790 quis
687 2696 776 2770 haec
801 2696 923 2769 eadem
950 2705 1069 2792 paret:
1093 2697 1131 2769 in
1153 2696 1279 2770 Rutilo
1300 2720 1382 2770 nam

311 2839 460 2913 luxuria
484 2847 555 2930 est,
583 2839 620 2911 in
647 2838 820 2912 Ventidio
846 2838 1028 2912 laudabile
1054 2861 1182 2912 nomen

311 2982 420 3055 sumit
446 2990 511 3055 etc.

288 3203 524 3278 Heinrichius
560 3202 733 3276 damnans
771 3203 1001 3298 interpreter,
1037 3202 1134 3297 quud
1155 3225 1227 3276 ncn
1254 3202 1406 3276 offende-

239 3356 364 3421 rentur
410 3369 517 3420 versu
556 3348 599 3419 21
641 3346 705 3439 qui
742 3345 903 3419 subiecto
941 3353 1095 3434 careret,
1149 3367 1213 3439 pro
1250 3343 1403 3438 „sumit”

239 3490 390 3563 coniecit
425 3489 618 3584 legendum
652 3510 729 3561 csse
764 3486 984 3582 „sumptus”
1025 3486 1146 3559 Etiam
1181 3485 1340 3559 Kiaerus
1356 3483 1403 3583 ¹),

238 3631 270 3704 si
308 3640 386 3726 post
427 3629 580 3724 „sumit”
621 3637 793 3704 commate
832 3629 1029 3720 incidatur,
1057 3628 1258 3703 subiectum
1284 3628 1406 3703 deesse

240 3773 400 3847 affirmat.
441 3772 611 3846 Attamen
649 3773 850 3846 subiectum
888 3794 927 3844 re
964 3795 1050 3845 vera
1085 3771 1196 3844 adest.
1236 3771 1319 3845 Nun
1352 3779 1406 3845 est

242 3914 519 4009 „miscillanea’'‚
558 3922 598 3988 ut
631 3915 710 3987 vult
737 3914 953 3988 Weidnerus
969 3913 996 4011 2)
1034 3914 1101 3988 hcc
1126 3915 1275 3987 verbum
1302 3914 1405 3988 mcdc

239 4057 307 4131 hcc
331 4057 435 4131 mcdc
460 4058 524 4131 illc
550 4080 657 4131 sensu
683 4080 879 4152 usurpans,
907 4056 969 4129 sed
995 4055 1205 4152 simpliciter
1227 4063 1280 4129 est
1296 4054 1406 4149 „haec

239 4199 362 4273 eadem
400 4199 550 4296 parare’'
590 4199 800 4274 arcessitum
839 4222 883 4283 ex
921 4198 1227 4296 praecedentibus.
1272 4195 1406 4273 Sensus

240 4410 398 4417 ———

280 4530 304 4604 ¹)
327 4530 345 4587 l.
367 4530 388 4587 l.
410 4549 477 4607 pag.
502 4533 547 4586 21.
671 4609 679 4625 ἡ

280 4635 306 4711 ²)
328 4637 348 4694 l.
370 4637 388 4694 l.
411 4655 480 4714 pag.
501 4638 559 4694 241
582 4656 644 4714 sqq.
