3300 5474
798 443 837 503 l7

238 596 317 710 loco
349 635 421 709 dici
446 658 517 708 non
543 641 669 729 potest.
698 632 864 723 Querclis
888 633 995 706 facile
1021 633 1231 706 absistercm
1256 633 1287 706 si
1314 633 1406 705 forte

239 787 345 873 poeta
368 777 568 872 scripsisset
596 775 791 870 „honoret
818 775 967 865 virtus'',
994 775 1091 869 quod
1118 782 1241 848 notum
1264 782 1318 848 est
1340 775 1406 848 hos

239 920 323 993 deos
355 919 561 1015 saepissime
594 919 783 1011 coniungi,
823 918 913 1011 quin
948 918 993 991 iis
1031 942 1054 990 a
1087 917 1259 991 Marcello
1294 940 1406 991 unum

239 1063 412 1157 templum
443 1062 482 1134 in
516 1062 609 1134 votis
644 1060 858 1156 promissum
884 1082 961 1132 0000
974 1058 1013 1157 1).
1041 1059 1136 1133 Tum
1164 1083 1216 1133 vs.
1245 1064 1314 1134 116
1343 1061 1406 1134 vix

239 1202 420 1277 dilucidus
445 1212 516 1295 est,
551 1224 667 1298 neque
692 1203 935 1297 intellegitur,
958 1224 1071 1296 quare
1097 1199 1299 1275 Concordia
1324 1203 1409 1275 nido

239 1347 458 1421 ciconiarum
495 1355 658 1437 ornetur,
702 1346 765 1439 qui
804 1344 923 1440 potius
960 1343 1094 1418 Pietati
1133 1344 1315 1418 debeatur.
1368 1337 1408 1418 Si

239 1512 364 1563 versus
398 1487 575 1562 retinendi
609 1496 711 1580 sunt,
748 1511 812 1583 pro
840 1487 993 1582 „atque”
1021 1488 1172 1582 legerim
1201 1488 1334 1581 „cana”
1362 1512 1407 1562 ex

239 1632 405 1727 Vergilio
437 1639 621 1727 sumptum
654 1598 773 1725 aquo
798 1631 904 1726 plura
929 1639 1035 1726 poeta
1055 1629 1292 1726 deprompsit:
1328 1653 1408 1704 con-

239 1778 294 1850 fer
319 1773 394 1850 sat.
421 1774 457 1847 v
485 1777 572 1867 101,
602 1775 690 1867 125,
721 1776 803 1848 138.
1209 1740 1226 1756 ⁴

695 2085 756 2147 VS.
778 2087 946 2146 lar-138.

364 2293 457 2367 Nam
491 2291 535 2365 de
568 2300 621 2366 tot
653 2292 815 2388 pulchris
840 2299 876 2365 01
902 2291 986 2365 10110
1012 2291 1160 2365 orbibus
1183 2301 1220 2365 et
1244 2299 1318 2365 tam

361 2436 521 2529 antiquis
546 2457 620 2507 una
643 2433 833 2508 comedunt
861 2434 1076 2529 patrimonia
1101 2457 1233 2508 mensa.

290 2640 341 2714 Hi
374 2663 499 2714 versus
528 2640 634 2714 valde
668 2639 756 2712 mihi
790 2638 998 2734 displicent,
1034 2638 1210 2734 imprimis
1244 2662 1295 2712 vs.
1326 2642 1406 2713 131.

242 2782 476 2856 Enumeratio
510 2783 688 2856 virtutum
720 2782 867 2856 illorum
900 2781 1040 2855 orbium
1065 2780 1252 2855 fastidium
1279 2788 1434 2854 movet.-

240 2924 338 3017 Quid
376 2926 484 2999 refert
520 2926 690 3020 qualibus
724 2924 768 2997 de
803 2924 951 2999 orbibus
983 2923 1199 3019 patrimonia
1223 2924 1408 2998 comedan-

240 3068 325 3142 tur?
360 3066 475 3161 Quid,
503 3067 599 3162 quod
625 3077 698 3140 tam
722 3067 864 3161 antiqui
888 3065 1084 3140 dicuntur?
1118 3064 1200 3140 Nisi
1226 3066 1318 3139 forte
1342 3066 1410 3140 hoc

240 3212 356 3285 voluit
394 3218 517 3307 pocta,
557 3211 640 3283 illos
673 3210 778 3284 orbes
813 3217 974 3282 veterum
999 3216 1199 3304 temporum
1224 3215 1333 3282 testes
1357 3208 1409 3280 in-

239 3353 383 3448 dignari
424 3354 608 3427 luxuriam
648 3352 912 3448 posteritatisll
965 3350 1072 3443 Quod
1109 3350 1306 3426 absurdum
1343 3359 1407 3425 est.

240 3496 336 3570 Ante
377 3519 433 3569 mc
474 3496 579 3569 eiecit
616 3518 677 3569 eos
716 3494 942 3569 Ribbeckius
955 3494 1005 3593 2),
1052 3517 1119 3568 nec
1164 3517 1235 3568 non
1287 3491 1409 3568 Schol-

240 3638 370 3737 11003).

698 3834 760 3894 Vs,
782 3835 948 3894 roo-161.

314 4036 406 4113 (lum
439 4039 559 4113 veniet
592 4046 734 4131 contra,
770 4038 886 4133 digito
919 4060 1101 4134 compesce
1127 4038 1322 4111 labellum:

312 4190 499 4257 accusator
524 4182 611 4275 crit,
638 4183 702 4276 qui
729 4183 880 4256 verbum
905 4181 1039 4256 dixerit
1064 4181 1127 4255 hic
1151 4189 1216 4254 est.

282 4424 307 4500 ¹)
330 4422 513 4482 Conferatur
534 4423 705 4497 Preller,
727 4422 816 4481 Rom.
836 4422 955 4501 Myth„
976 4441 1044 4502 pag.
1066 4423 1134 4481 613.

282 4530 307 4607 ²)
328 4531 393 4588 Der
414 4529 513 4588 Echte
534 4529 597 4589 und
618 4529 671 4588 der
692 4529 835 4589 Unechte
856 4528 1009 4602 10101101,
1032 4548 1061 4607 p.
1084 4529 1151 4587 116.

284 4636 309 4713 3)
333 4636 918 4713 80110110,11100011011011111010110,
940 4655 968 4714 p.
991 4637 1019 4694 6.
