3300 5474
785 423 824 482 37

223 618 371 706 paterno
395 633 467 705 quo
492 610 584 684 nihil
609 611 697 684 milri
722 612 842 686 carius
867 610 989 707 agr0.”
1019 609 1112 686 Cum
1142 636 1193 686 vs.
1208 615 1255 686 55
1270 613 1393 687 eadem

223 755 297 828 lere
333 755 512 828 voeabula
552 777 660 831 „rure
698 754 867 850 patern0’'
905 766 1112 848 decurrant,
1148 756 1256 847 haee,
1292 757 1324 829 si
1348 756 1394 829 de

223 896 337 970 altere
372 898 491 991 agello
516 897 760 992 intellegenda
784 906 919 989 essent,
947 898 1131 993 frigerent.
1168 898 1262 972 Tum
1289 907 1394 993 poeta

223 1047 319 1114 uerte
350 1039 519 1114 dixisset:
560 1050 617 1134 „et
651 1042 770 1135 agello
796 1064 874 1115 mee
898 1041 985 1116 dedo
1011 1040 1194 1138 patem0''‚
1222 1052 1263 1115 ut
1288 1042 1392 1115 leste

221 1204 296 1256 rem
333 1181 557 1272 admoneret,
596 1180 641 1256 de
674 1184 748 1256 alio
782 1192 891 1279 atque
928 1192 1013 1259 unte
1048 1185 1168 1279 agello
1194 1205 1391 1258 sermonem

221 1346 307 1399 esse.
347 1322 468 1399 Sensit
505 1324 573 1399 hou
611 1323 847 1416 Weidnerus‚
886 1326 950 1420 qui
990 1326 1117 1399 vertit:
1156 1325 1295 1419 „libens
1324 1347 1392 1419 ego

221 1466 306 1542 aedo
342 1467 495 1563 agell0.'’
535 1469 685 1543 Aeuedit
717 1469 813 1564 quud
851 1469 1029 1565 particula
1064 1466 1228 1562 „tamen”
1265 1490 1317 1542 vs.
1344 1469 1391 1541 58

221 1607 403 1683 eummode
435 1610 610 1707 explicari
636 1633 707 1684 uon
733 1618 867 1707 petest,
903 1611 1023 1707 potius
1049 1611 1247 1706 requiritur
1275 1611 1392 1704 „insu-

222 1752 319 1848 per.”
357 1751 461 1844 Quae
487 1775 567 1827 eum
593 1753 646 1827 ita
671 1753 762 1845 sint,
793 1755 956 1849 „agellus
978 1751 1171 1849 paternus''
1198 1752 1292 1826 idem
1317 1761 1389 1844 est,

223 1895 319 1990 quod
345 1908 429 1970 ante
454 1866 588 1970 dieitur
615 1918 699 1989 „rus
725 1894 948 1992 paternum.’'

270 2038 409 2114 Versus
437 2062 501 2135 per
525 2039 672 2134 ellipsin
698 2038 933 2134 explieandus
959 2047 1030 2127 est,
1059 2047 1099 2111 ut
1126 2039 1254 2111 volunt
1282 2036 1391 2111 Hein-

221 2181 357 2256 riehius
371 2180 397 2279 ¹)
433 2192 469 2256 et
504 2179 702 2278 Kiaerusp
739 2181 792 2255 sie
816 2189 1041 2255 enarrantes:
1072 2180 1248 2273 „eoneedo
1272 2181 1392 2275 agello

224 2333 372 2421 paterno
397 2325 449 2398 nil
475 2332 595 2400 aetum
621 2348 716 2414 esse,
744 2326 827 2420 quis
852 2335 970 2399 tamen
997 2325 1162 2398 adfirmat
1188 2348 1265 2420 sqq.
1304 2324 1391 2398 Ani-

120 2563 123 2567 ·
223 2465 518 2541 madvertendum
556 2475 610 2541 est
636 2467 849 2563 particulam
879 2467 958 2561 „et”
986 2467 1156 2541 hocloco
1182 2474 1223 2540 ut
1248 2467 1392 2563 saepius

221 2631 303 2682 eum
339 2609 518 2704 singulari
553 2610 589 2682 vi
628 2610 781 2705 positam
819 2633 914 2700 esse,
956 2619 995 2683 ut
1029 2611 1104 2683 fere
1140 2609 1234 2682 idem
1272 2611 1391 2683 valeat

220 2750 317 2846 quod
358 2758 415 2844 „et
453 2750 633 2848 insuper.”
679 2750 799 2826 Velim
839 2763 956 2826 tamen
995 2776 1059 2848 pru
1100 2751 1231 2846 „cedo”
1270 2753 1391 2846 legere

223 2892 385 2987 „ereda”
418 2892 634 2989 Quanquam
659 2903 712 2969 est
739 2904 862 2969 nol-um
890 2896 1039 2969 verbum
1068 2893 1237 2988 „cedere”
1266 2893 1390 2969 eodem

218 3057 423 3131 sensuque
451 3035 688 3131 „consedere”
715 3036 786 3111 diei
813 3060 915 3133 posse
946 3035 1005 3133 (de
1031 3059 1105 3131 qua
1126 3036 1391 3131 significatione

220 3177 303 3284 vide
329 3179 535 3253 Bentleium
561 3179 617 3252 ad.
646 3178 736 3252 Hor.
763 3180 866 3275 epist.
894 3179 935 3252 Π
962 3183 993 3252 l.
1021 3183 1088 3270 67,
1112 3180 1171 3254 eui
1192 3181 1298 3254 faeile
1311 3204 1390 3255 eon·

219 3321 324 3395 eedes
348 3322 400 3396 ibi
428 3321 558 3416 „dedo”
586 3344 663 3396 esse
689 3323 917 3422 legendum),
950 3333 1069 3398 tamen
1096 3324 1164 3398 hoe
1189 3326 1267 3398 loeo
1296 3348 1390 3419 „ere-

219 3462 326 3537 dere”
361 3463 451 3537 mihi
486 3465 604 3539 visum
637 3472 691 3538 est
724 3473 926 3561 praestare,
962 3475 998 3539 et
1031 3466 1129 3562 quod
1154 3467 1311 3562 lepidius
1336 3475 1390 3540 est

221 3604 357 3680 disere:
394 3608 571 3700 „consede
605 3607 673 3681 tibi
707 3608 759 3680 nil
792 3617 913 3683 aulum
947 3607 1046 3683 esse’'
1083 3619 1257 3705 tanquam
1286 3619 1391 3706 poeta

219 3748 297 3845 ipse
326 3749 491 3824 ennesius
523 3757 559 3823 et
593 3771 761 3846 praesens
794 3749 985 3837 adfuisset,
1024 3763 1060 3825 et
1092 3753 1190 3847 quod
1223 3762 1328 3849 poeta
1352 3753 1390 3826 id

215 3876 296 3966 'iam
333 3893 509 3968 noncessit
546 3892 604 3967 his
639 3893 760 3968 verbis
796 3901 859 3988 „ut
893 3894 989 3968 vixit
1015 3895 1054 3968 in
1079 3895 1202 3991 agro’'‚
1233 3902 1270 3969 et
1294 3893 1390 3990 quod

221 4036 371 4109 verbum
397 4035 494 4131 quod
518 4043 573 4111 est
601 4035 751 4129 „eredo”
774 4037 972 4111 sententiae
985 4038 1102 4133 magis
1115 4046 1389 4113 consentaneum

221 4185 286 4251 est.
314 4176 501 4253 Habemus
524 4178 657 4274 igitur:
690 4186 749 4273 „et
773 4180 893 4275 agello
915 4154 1067 4277 ‘paterno
1092 4180 1144 4254 nil
1171 4188 1290 4255 aetum
1315 4190 1387 4274 est,

263 4525 287 4593 1)
308 4526 327 4584 l.
350 4525 369 4585 l.
393 4545 461 4604 pag.
484 4529 551 4587 226.

263 4631 288 4709 ²)
309 4633 328 4692 1.
351 4633 370 4692 1.
392 4654 421 4712 p.
443 4637 510 4694 ms.
