3300 5474
807 431 847 490 35

245 622 445 695 viventium
474 643 590 694 sermo
623 627 677 693 est
711 619 854 713 deque
879 628 999 693 nostro
1024 620 1119 709 loco;
1148 641 1309 692 necnon
1334 617 1412 694 Sta·

245 768 318 841 tius
352 766 466 839 Theb.
503 764 584 838 IIII
617 768 707 838 276:
749 761 962 860 „(Arcades)
981 819 1085 835 .....
1113 786 1296 837 nemorum
1322 786 1413 856 quas

242 911 355 1006 stirpe
380 909 519 1003 vigenti
545 909 642 982 fama
666 906 806 998 satos'’‚
834 915 869 979 et
893 909 963 979 279
986 928 1083 998 sqq.:
1110 926 1286 999 „quercus
1304 906 1412 979 lauri-

243 1075 315 1147 que
332 1052 494 1125 ferebant
520 1049 632 1124 cruda
658 1049 848 1145 puerperia
869 1071 912 1122 ac
932 1048 1083 1143 populos
1097 1049 1264 1122 umbrosa
1277 1049 1412 1122 creavit

169 1270 174 1277 ,
243 1195 425 1284 fraxinus,
453 1202 489 1268 et
514 1195 589 1268 feta
615 1194 741 1267 viridis
768 1215 856 1289 puer
883 1191 1017 1265 excidit
1044 1190 1165 1264 orn0.''

294 1336 437 1411 Deinde
464 1338 526 1410 vix
551 1334 678 1411 dubito
699 1336 788 1431 quin
809 1336 1027 1431 poetaillam
1040 1336 1223 1408 materiem
1241 1335 1410 1427 „saxum”

243 1489 405 1555 vocasset
427 1505 497 1556 nou
526 1480 682 1577 „rupis’',
711 1489 751 1554 ut
779 1478 906 1554 Cicero
932 1480 1016 1553 fecit
1041 1481 1079 1552 in
1104 1480 1183 1554 loco
1208 1504 1230 1553 a
1252 1479 1412 1554 Seboltio

243 1624 322 1719 ipso
360 1623 524 1697 laudato:
563 1646 657 1717 „non
682 1624 778 1696 enim
804 1646 824 1695 e
849 1645 938 1695 saxo
964 1624 1126 1717 sculptus
1152 1632 1215 1695 aut
1241 1623 1412 1696 erobore

243 1766 429 1856 dolatus’',
456 1775 492 1840 et
515 1765 653 1841 Statius
679 1767 794 1840 Theb.
815 1765 896 1839 IIII
914 1769 1001 1839 340:
1029 1789 1071 1857 „o
1084 1767 1182 1838 saxis
1196 1766 1364 1839 nimirum
1376 1774 1412 1839 et

243 1912 371 1985 robore
395 1909 514 1984 nati!’'
542 1935 564 1983 a
589 1932 661 2004 quo
686 1910 800 2003 igitur
827 1909 933 1982 iidem
961 1908 1121 1981 Arcades
1134 1908 1412 1982 modoarobore

242 2053 339 2139 solo,
367 2053 471 2126 modo
496 2077 518 2127 a
543 2077 631 2126 saxo
656 2061 692 2125 et
719 2055 845 2125 robore
870 2052 939 2125 orti
961 2075 1038 2125 esse
1052 2052 1230 2125 dicuntur.
1259 2053 1412 2149 Insuper

243 2206 384 2270 statuae
422 2197 599 2291 signaque
634 2217 816 2290 nunquam
855 2194 899 2267 de
940 2217 1046 2290 rupe,
1086 2196 1229 2291 saepius
1267 2219 1287 2269 e
1324 2220 1412 2270 saxo

243 2342 468 2436 sculpuntur.

294 2480 395 2555 Haec
420 2489 538 2556 antem
563 2482 673 2555 verba
696 2488 824 2576 „rupto
846 2482 972 2555 robore
985 2480 1084 2553 nati'’
1098 2483 1296 2578 aliquatenus
1310 2508 1412 2579 posse

244 2626 418 2721 explicari
454 2649 524 2699 non
561 2626 731 2719 intellego
757 2646 821 2698 cur
846 2622 881 2697 S.
910 2624 1022 2713 dicat;
1050 2624 1214 2718 equidem
1241 2635 1328 2721 puto
1353 2651 1412 2724 ap-

245 2769 382 2842 tissime
417 2790 538 2864 posse,
575 2791 658 2841 nam
695 2765 903 2862 „rumpere”
938 2766 983 2840 de
1016 2767 1083 2841 hac
1117 2791 1154 2840 re
1185 2763 1332 2842 verbum
1358 2781 1411 2844 est

244 2912 440 3008 proprium.
477 2908 651 2985 Conferat
689 2910 787 2983 Pers.
828 2908 901 2983 Sat.
941 2910 1038 2983 Ivs.
1066 2912 1130 2983 24:
1169 2910 1292 3009 „(nisi)
1319 2935 1413 3005 quae

243 3055 353 3127 semel
387 3054 485 3127 intus
519 3054 644 3126 innata
673 3061 727 3125 est
752 3061 858 3148 rupto
885 3053 1001 3126 iecore
1027 3053 1155 3126 exierit
1178 3052 1409 3148 caprificus’';

242 3195 664 3290 Verg.Georg.1472:
693 3250 710 3288 „
737 3195 930 3269 undantem
956 3196 1072 3290 ruptis
1097 3196 1302 3270 fornacibus
1327 3196 1412 3271 Aet-

243 3337 361 3412 nam.’'
389 3335 495 3428 Quod
521 3337 566 3410 ad
592 3337 806 3411 vocabulum
836 3337 1020 3432 „rupices”
1036 3337 1184 3427 attinet,
1207 3338 1304 3431 quod
1316 3340 1412 3435 apud

243 3481 457 3577 posteriores
495 3479 637 3553 demum
671 3481 862 3575 scriptores
895 3479 1095 3567 invenitur,
1131 3478 1169 3551 id
1196 3479 1315 3574 potius
1340 3480 1412 3555 dici

243 3623 388 3698 videtur
417 3622 461 3695 de
494 3622 730 3696 similitudine
764 3630 914 3695 naturae
944 3621 1116 3716 quadam,
1144 3644 1226 3693 nam
1252 3621 1412 3698 homines

242 3766 390 3842 denotat
415 3766 524 3841 duros
549 3765 607 3838 vel
632 3765 813 3861 stupidos,
841 3766 1047 3839 obstinatos.
1072 3762 1127 3838 Of.
1144 3763 1251 3839 Ovid.
1267 3765 1409 3840 Metam.

242 3908 301 3982 VI
326 3911 391 4000 33,
418 3908 530 3981 Trist.
557 3907 618 3981 ΙΙΙ
645 3913 687 3980 11
716 3931 767 3981 vs.
795 3910 827 3981 8.

293 4050 464 4125 Fortasse
498 4051 536 4124 bi
571 4074 695 4124 versus
734 4060 858 4147 postea
882 4051 1023 4124 demum
1049 4052 1172 4124 inserti
1200 4060 1303 4141 sunt,
1329 4075 1412 4125 nam

243 4194 314 4268 hoc
347 4216 464 4267 nonne
498 4193 628 4266 mirum
666 4193 734 4267 tibi
760 4194 904 4267 videtur
925 4202 1083 4289 poetam,
1111 4217 1191 4268 cum
1214 4194 1251 4266 in
1272 4216 1412 4289 praece-

243 4336 413 4412 dentibus
451 4335 603 4429 dixerit,
640 4335 801 4410 homines
838 4336 966 4431 priscis
1003 4336 1222 4432 temporibus
1256 4335 1412 4410 Saturno

243 4503 329 4576 rege
361 4501 442 4554 cum
476 4501 604 4575 pecore
639 4500 844 4553 communes
877 4478 1060 4552 habitasse
1094 4477 1233 4569 domos,
1261 4476 1412 4571 glandes

244 4622 397 4719 glutisse
423 4621 587 4715 aliasque
613 4620 800 4718 cupediae,
823 4621 1017 4712 affirmare,
1045 4621 1150 4693 aliter
1171 4628 1257 4693 tunc
1278 4620 1411 4693 vixisse
